2820 4838
259 369 446 422 cHIsoMcA
465 368 576 421 REGIA
596 367 837 420 COLONIENSIS
856 369 889 421 A.
906 369 988 424 1175.
1125 367 1175 417 12⁷

460 542 628 595 Recenaio
649 541 673 593 Ι.
692 549 716 594 et
734 542 776 595 ΙΙ.

56 648 157 776 apem
180 627 299 692 bellum
322 639 475 715 cuperent
496 650 569 692 cum
592 629 783 714 imperatore
805 628 895 692 inire.
937 628 1052 714 Itaque
1075 627 1177 691 omnis

58 712 66 727 '
94 733 115 774 a
147 711 298 778 terribilis
330 713 469 777 hostium
501 714 587 777 acies
620 712 662 776 ad
694 720 798 775 castra
835 713 972 777 caesaris
1008 719 1176 798 prostrata,

83 817 175 860 acem
198 805 230 860 et
249 796 502 861 misericordiam
522 794 715 884 postulabat,
737 795 842 859 nudos
864 797 899 859 in
920 796 1097 861 cervicibus
1111 793 1176 880 gla-

56 819 131 944 lios
176 889 325 944 ortantes.
360 879 519 945 Certatim
541 901 668 978 quoque
690 880 733 944 ad
753 881 980 965 imperatorem
1003 890 1176 960 currentes,

56 902 180 1030 vexilli
207 974 392 1028 cunctarum
421 965 549 1029 urbium
570 965 634 1051 ips1
655 965 906 1049 resignaverunt,
936 963 991 1028 alii
1012 985 1088 1028 vero
1110 961 1177 1050 pal-

56 1047 148 1126 lium,
187 1047 338 1134 quidama
390 1049 475 1130 edes,
507 1046 652 1112 nonnulli
679 1049 850 1113 tentorium
887 1048 1086 1133 imperatoris
1124 1070 1178 1112 ex-

58 1131 350 1214 osculabanturtfi
374 1156 425 1197 em
437 1143 634 1198 sacramento
649 1130 822 1197 firmantes.
850 1133 1036 1197 Interventu
1051 1153 1178 1218 quoque

58 1238 172 1282 eorum
199 1213 528 1282 Alexandrinensibus
555 1239 657 1302 usque
686 1217 728 1281 ad
755 1218 927 1281 terminum
953 1216 1032 1280 Maii
1059 1215 1178 1280 mensis

57 1313 195 1386 pacemc
223 1299 364 1366 indulsit.
408 1301 534 1382 Quibus
561 1302 670 1386 gestis,
698 1309 822 1386 partem
843 1300 981 1365 militum
1002 1301 1179 1386 repatriare

82 1384 217 1466 ermisit,
250 1384 504 1471 opulentioribus
538 1406 647 1449 secum
679 1386 822 1452 retentis.
870 1385 938 1449 Nec
971 1383 1071 1450 multo
1105 1393 1179 1470 post

20 1470 24 1477 '
57 1407 269 1553 llongobardi
296 1471 475 1556 penitentes
503 1490 562 1556 pro
584 1467 820 1550 Alexandrinis,
852 1470 1038 1555 imperatori
1059 1468 1179 1534 denun-

60 1554 236 1635 ciaverunt,
248 1575 281 1616 se
293 1555 421 1618 omnino
433 1561 664 1617 sacramentum
677 1552 752 1617 fidei
762 1553 948 1635 violaturos,
962 1554 1026 1617 nisi
1040 1550 1180 1618 Alexan·

60 1635 172 1702 drinos
193 1637 228 1700 in
249 1637 429 1702 conditione
451 1636 536 1701 illius
558 1637 647 1722 pacis
670 1646 834 1701 consortes
854 1637 996 1703 haberet.
1045 1636 1101 1702 Set
1122 1638 1195 1700 im-v

58 1730 209 1807 peratore
235 1721 270 1785 id
295 1729 472 1803 recusante,
505 1723 620 1786 iterum
648 1742 736 1785 more
769 1743 826 1785 suo
855 1720 1062 1806 Longobardi
1087 1720 1180 1786 fedus

83 1806 204 1869 eriurio
227 1803 364 1870 solvunt.
401 1806 476 1887 Qua
489 1806 678 1870 necessitate
701 1826 811 1869 caesar
824 1804 991 1892 impulsus,
1007 1827 1065 1890 per
1087 1827 1180 1869 omne

60 1827 320 1954 ll’heutonicum‘l
340 1913 476 1976 regnum
504 1890 633 1955 directis
668 1889 811 1964 nunciis,
847 1911 967 1954 novum
1004 1889 1180 1954 exercitum

60 1973 197 2039 adunari
218 1975 388 2060 precepit‘t

62 2137 85 2190 a)
101 2139 145 2179 alil
169 2139 217 2178 Bt.
238 2138 282 2179 08.
342 2135 366 2190 b)
390 2138 463 2179 oscul.
487 2137 530 2178 02.
600 2135 621 2190 c)
646 2139 702 2178 deest
725 2137 765 2182 Οἳ.
832 2133 935 2188 nuent.
962 2139 1038 2180 ΑΗ.
1103 2134 1125 2188 e)
1149 2137 1182 2176 hie

60 2198 131 2238 vertis
146 2198 231 2248 explicit
245 2198 291 2242 cod.
306 2197 353 2239 Al.
