2820 4838
559 1066 677 1132 PARS
699 1067 846 1131 PRIMA

185 1184 218 1248 A
240 1183 473 1252 MONAOHO
495 1185 531 1251 8.
547 1185 875 1251 PANTALEONIS
896 1186 1018 1252 POST
1033 1186 1222 1251 ADDITA.

458 1310 623 1364 Receuaio
644 1312 797 1364 codicum
816 1313 842 1363 B
857 1313 881 1366 1.
903 1311 990 1365 02..

272 1429 429 1496 Cronieaa
451 1432 542 1497 dicor
563 1456 633 1518 ego,
676 1432 844 1498 mendacia
866 1443 981 1500 cuncta
1002 1434 1119 1520 relego,

311 1514 427 1580 Mundi
448 1518 608 1603 principio
676 1519 829 1603 temporis
851 1527 924 1583 aeta
946 1520 1021 1583 scio.

407 1637 605 1703 Prefutiob
628 1639 833 1724 sequentis
856 1641 1005 1725 operis.

146 1814 184 1865 or
218 1744 359 1795 Neminem
377 1747 431 1796 iam
452 1762 510 1798 esse
529 1748 665 1799 hominum
684 1747 798 1799 arbitror
820 1775 850 1784 —
874 1777 906 1786 -
927 1749 1092 1801 habebantur
1111 1749 1263 1802 illustrium.

185 1817 257 1868 osius
278 1816 301 1881 J,
322 1819 348 1868 2.

167 1905 170 1910 ’
217 1890 342 1957 Babylon
354 1893 445 1958 itaque
459 1908 491 1944 eo
505 1908 575 1944 anno
591 1920 623 1928 -
637 1919 673 1930 —
686 1895 710 1945 si
723 1893 869 1960 aliquando
880 1895 1010 1946 desistant
1016 1901 1036 1946 ⁰.
1050 1893 1114 1945 ibid.
1126 1912 1148 1946 c.
1163 1896 1186 1946 1.
1201 1895 1226 1947 2.
1237 1897 1262 1946 3.

218 1963 305 2015 Adam
320 1969 346 2016 et
358 1966 425 2028 Eva,
445 1971 474 2016 ut
492 1967 644 2019 revelatum.
658 1967 708 2018 luit
728 1995 761 2005 -
783 1995 816 2004 -
837 1969 974 2032 genuisset
988 1968 1061 2019 Seth.
1089 1966 1160 2020 Petr.
1175 1967 1262 2021 Oome·

144 2043 199 2087 ator
217 2037 243 2100 I,
262 2038 307 2090 25.

218 2111 287 2161 Nam
300 2111 428 2178 plurimos
442 2111 512 2163 filios
526 2118 553 2165 et
565 2113 634 2165 filias
646 2114 734 2165 Adam
747 2115 848 2180 genuit,
862 2128 928 2179 quos
941 2113 1080 2178 legislator
1092 2115 1262 2180 pretermisit.

219 2183 285 2236 Seth
305 2199 375 2235 anno
397 2185 447 2236 105
468 2213 503 2222 -
525 2215 552 2224 -
572 2189 670 2253 genuit
688 2187 858 2239 Matusalam.
896 2186 974 2237 Beda
992 2185 1025 2236 de
1043 2193 1120 2251 temp.

220 2258 297 2309 Sicut
310 2273 374 2323 ergo
386 2260 414 2309 in
427 2261 599 2325 generatione
611 2261 678 2311 Cain
694 2288 727 2298 -
741 2288 776 2298 -
788 2258 931 2312 translatus
945 2264 995 2310 est.
1019 2258 1090 2310 Pctr.
1103 2257 1171 2310 Com.
1182 2258 1207 2323 I,
1218 2260 1262 2312 30.

218 2330 379 2382 Matusalam
400 2359 432 2368 —
453 2359 487 2368 -
507 2334 573 2397 Noe,
592 2333 641 2385 sub
661 2349 713 2399 quo
732 2335 833 2385 factum
854 2339 894 2384 est
913 2332 1051 2385 diluvium.
1089 2332 1175 2384 Beda.

218 2404 305 2470 Igitur
324 2405 410 2455 Adam
429 2405 594 2473 protoplasto
617 2406 651 2456 de
671 2409 797 2473 paradysi
815 2405 944 2476 felicitate
971 2412 1079 2472 propter
1103 2405 1260 2457 inobedien-

144 2477 214 2527 ciam
235 2477 346 2544 expulso
367 2484 393 2528 et
406 2479 474 2549 Abel
494 2494 511 2528 a
525 2479 592 2530 (lain
611 2480 691 2530 fratre
712 2482 894 2532 exstincto-
913 2481 992 2528 -in
1013 2495 1064 2545 quo
1084 2480 1141 2530 nati
1154 2484 1216 2531 sunt
1236 2480 1261 2531 ei

144 2549 201 2600 filii.
240 2550 311 2602 Petr.
333 2549 402 2602 Gom.
423 2551 448 2615 1,
468 2553 512 2603 27.

219 2624 271 2686 Qui
291 2627 371 2676 etiam
385 2626 484 2692 rapinis
504 2630 532 2677 et
545 2625 678 2676 violencia
691 2654 726 2663 —·
738 2654 775 2664 —
788 2627 816 2676 in
829 2626 938 2677 urbibus
952 2625 1073 2690 collegit.
1102 2625 1167 2677 ibid.
1182 2643 1203 2677 c.
1218 2624 1261 2679 28.

219 2696 363 2748 Civitatem
383 2699 463 2749 etiam
482 2699 516 2750 ab
532 2699 628 2750 Enoch
642 2727 677 2736 -
692 2726 724 2735 -
739 2699 822 2750 filiam
838 2701 945 2769 nomine
958 2699 1100 2753 Naainam.
1132 2698 1262 2764 Iosephus

144 2767 210 2823 Anti
229 2806 235 2820 .
255 2769 279 2830 I,
299 2771 324 2820 4.

211 2787 338 2894 qLamech
351 2849 440 2895 autem
454 2860 495 2914 res
510 2845 614 2896 divinas
628 2873 662 2884 -
681 2872 709 2882 -
726 2845 826 2896 diluvio
840 2846 983 2911 perierunt.
1010 2843 1081 2896 Patr.
1096 2841 1164 2895 Com.
1178 2844 1203 2906 1,
1217 2844 1263 2895 28.

219 2917 339 2968 Fuerunt
350 2916 437 2968 Adam
458 2924 485 2968 et
503 2918 550 2968 alii
568 2917 617 2968 filii
638 2946 670 2956 ·-
692 2946 725 2955 -
743 2919 777 2968 ad
796 2919 868 2969 mala
881 2918 1014 2984 progressi
1027 2922 1102 2983 sunt;
1128 2916 1183 2969 Ios.
1199 2916 1261 2981 I,4.

218 2990 341 3042 videntes
361 2990 432 3055 quod
452 2990 501 3040 filii
520 2991 568 3044 Set
606 3019 640 3028 -
661 3019 696 3028 —
714 2991 842 3042 inducere
860 2993 889 3041 in
908 2993 1027 3042 arcam?

219 3063 418 3114 sexcentesimo
438 3065 530 3128 itaque
549 3066 621 3116 vitae
641 3081 688 3116 sue
707 3080 776 3116 anno
797 3092 831 3101 -
852 3091 879 3102 -
903 3063 950 3114 sod
970 3079 1062 3115 semen
1082 3065 1147 3115 eius.
1189 3063 1260 3116 Petr.

146 3133 216 3186 Gom.
237 3135 261 3199 J,
281 3137 398 3186 33-36.

219 3209 293 3259 Vixit
317 3211 408 3274 itaque
428 3210 486 3261 Noe
511 3238 546 3247 -
574 3237 604 3247 -
631 3211 760 3261 babentes
785 3226 865 3277 super
889 3226 919 3260 se
944 3215 997 3260 tres
1024 3209 1106 3260 duces
1125 3210 1261 3269 Nemrotlr,

146 3283 240 3333 lectan
260 3289 287 3332 et
306 3281 441 3352 Satisne?

218 3357 253 3406 Et
262 3355 366 3422 impleti
375 3361 437 3406 sunt
447 3356 505 3407 dios
515 3357 572 3408 Nos
587 3383 619 3393 -
631 3383 664 3393 -
677 3356 807 3421 usquead
824 3355 922 3407 caelos.
950 3354 1022 3405 Patr.
1035 3352 1139 3418 eoas,
1159 3356 1204 3406 86.
1215 3353 1260 3405 38.

219 3429 347 3480 Sumebat
367 3443 430 3495 ergo
450 3429 563 3481 altitudo
586 3458 617 3467 —
637 3455 673 3466 -
692 3445 768 3480 suam
786 3435 850 3480 tunc
870 3428 1026 3482 habuerunt,
1064 3427 1118 3477 Ios.
1139 3426 1162 3493 I,
1183 3429 1208 3480 9.

219 3501 307 3552 Divisi
325 3508 386 3552 sunt
405 3530 436 3538 —
449 3529 493 3555 ,-
513 3502 710 3553 mediterranea
723 3503 801 3554 simul
821 3508 901 3568 atque
922 3502 1063 3552 maritima.
1100 3498 1164 3552 ibid.
1179 3517 1201 3552 o.
1218 3502 1260 3553 10.

220 3573 298 3635 Quod
318 3580 405 3625 autem
426 3575 546 3627 subditur
572 3576 605 3627 de
631 3582 701 3626 terra
721 3575 841 3628 Sennaar
861 3601 894 3612 -
917 3601 948 3610 -
968 3590 1053 3639 usque
1080 3572 1114 3622 ad
1140 3580 1260 3639 quartam

146 3645 281 3700 ciliadem.
319 3647 390 3699 Petr.
411 3646 480 3700 Gom.
499 3666 521 3700 c.
540 3646 584 3699 88.

218 3720 329 3771 Interim
343 3737 406 3772 vero
426 3723 597 3773 obtinuerunt
619 3749 649 3758 —
672 3749 705 3758 -
725 3722 808 3773 libros
827 3722 884 3771 eius
905 3718 1058 3771 combussit.
1095 3717 1160 3772 ibid.
1180 3739 1202 3772 c.
1217 3722 1261 3772 39.

148 3862 181 3916 οὐ
219 3793 260 3844 Ab
281 3794 375 3845 eodem
394 3796 504 3846 iuventa
523 3801 584 3846 sunt
601 3795 684 3861 ydola
705 3823 740 3832 -
768 3821 799 3832 -
825 3794 956 3859 imagines
983 3791 1149 3844 dedicarunt.
1189 3793 1261 3847 Pelr.

182 3881 217 3918 m.
236 3884 258 3917 c.
277 3868 322 3916 40.

218 3941 345 3991 Exortum
356 3945 397 3992 est
407 3945 495 3991 autem
506 3957 616 4008 regnum
628 3941 795 4008 Assyriorum
806 3967 840 3976 -
853 3965 883 3976 -
897 3953 1032 4005 perrogas
1043 3939 1087 3990 37.
1103 3937 1169 3992 thiu.
1180 3956 1202 3992 c.
1214 3940 1260 3993 46.

147 4081 170 4135 a)
192 4085 223 4124 tta
241 4086 258 4124 B
275 4088 295 4126 l.
312 4086 368 4134 02,-
391 4097 447 4136 qaae
461 4091 550 4137 merone
566 4086 626 4126 addit
646 4087 710 4126 sodes
724 4099 744 4126 v.
766 4088 790 4126 {n
803 4085 950 4136 praefatione.
1034 4082 1057 4136 b)
1079 4087 1135 4125 duae
1158 4086 1262 4135 imagines
1307 4081 1321 4108 ⁹

146 4144 223 4192 quibus
244 4150 443 4197 repraesentantur,
463 4146 536 4196 prima
559 4147 676 4197 Nemroth,
700 4147 781 4193 Ninus,
806 4144 947 4194 Semiramis,
971 4143 1042 4182 attera
1064 4145 1157 4194 Darius,
1181 4143 1261 4195 Cyrus,

147 4200 278 4243 Alexander
293 4205 392 4252 Magnus
405 4206 538 4254 praemissae
552 4210 604 4245 sarit
620 4205 639 4243 B
655 4206 674 4245 1.
693 4205 709 4244 0
725 4207 744 4245 2.
812 4202 832 4254 c)
849 4204 925 4242 iterum
940 4202 996 4241 duos
1011 4203 1097 4242 tabutas
1112 4203 1192 4242 exbibet
1208 4203 1227 4241 B
1241 4204 1261 4254 1,

147 4258 307 4313 (maman
323 4264 433 4312 inprime
449 4264 568 4317 Romulus,
585 4264 724 4305 Octavianus
740 4263 812 4305 Cesar
826 4261 950 4311 Augustos,
966 4260 1040 4301 Iulius
1057 4260 1135 4314 (teser,
1151 4262 1176 4301 io
1191 4262 1261 4301 altera

149 4317 222 4359 Adam
237 4325 255 4360 et
271 4320 326 4362 Seth
343 4323 444 4362 detinenti
458 4328 517 4362 aunt.
1047 4373 1049 4376 y

944 4436 951 4455 .
1013 4391 1027 4453 l
