2820 4838
209 352 226 400 2
473 342 661 396 OHRONICA
679 343 792 394 REGIA
813 338 1063 396 COLONIENSIS.

285 522 371 586 Igitur
396 520 489 581 Ninus,
517 517 579 568 Beli
603 516 682 580 filius,
711 519 863 568 universam
882 518 982 582 Asiam,
1007 533 1058 584 que
1084 518 1172 568 tocius
1199 519 1272 570 orbis
1298 520 1333 571 ad

210 610 347 646 numerum
367 593 487 659 parcium
506 591 591 641 tercia
611 590 708 640 dicitur
726 617 762 626 -
783 618 816 626 —
837 591 1000 654 Semiramis,
1020 606 1086 641 uxor
1111 593 1176 654 eius,
1202 607 1335 658 aggressa

212 675 252 720 111
271 666 397 719 bellando
418 680 456 715 ac
476 665 669 730 superavit.
707 662 820 730 August.
850 663 891 713 Da
912 662 965 714 011.
987 662 1039 714 Dei
1057 662 1169 726 XVIII,
1191 665 1216 714 2.

285 741 382 791 Finit
400 740 507 805 prima
526 742 625 788 aetas
645 736 774 787 hahens
795 752 898 787 annos
918 736 999 787 5242.

284 815 342 883 Noe
367 814 408 862 vir
433 813 518 861 iustus
543 811 571 858 in
597 810 815 874 generationibus
841 811 896 860 suis
922 815 984 860 ante
1005 808 1132 861 diluvium
1159 812 1253 876 gannit
1278 817 1333 862 tres

212 888 289 951 lilios,
310 887 382 948 Sem,
403 884 488 934 Oham
508 887 535 933 11
553 883 659 949 Iaphet.

286 961 357 1021 Sem,
376 956 447 1007 filius
466 957 524 1025 Noe
547 980 577 992 -·
601 982 634 992 -
656 955 776 1005 condidit
793 955 980 1020 Babyloniam.
1018 954 1105 1007 Bada.

286 1037 313 1083 et
332 1033 486 1081 Zoroastres
506 1029 639 1093 magicam
659 1033 743 1078 artem
763 1030 869 1095 reperit.
908 1026 948 1093 Of.
967 1027 1045 1080 Hier.

200 1102 203 1109 '
286 1107 372 1167 Quem
386 1102 513 1153 occidens
526 1101 656 1152 11111111-
673 1128 705 1137 -
722 1106 798 1153 cocto
811 1101 895 1152 latere
912 1100 1096 1153 circumdedit.
1126 1101 1332 1166 Ι11111.Ι,1.2.

285 1179 346 1228 Hec
366 1177 454 1241 campi
473 1175 591 1241 planicie
610 1201 645 1210 -
667 1201 697 1210 -
720 1175 863 1241 quadrigas
884 1176 963 1241 capit.
1007 1173 1081 1225 Oros.
1098 1174 1139 1237 II,
1160 1176 1185 1225 6.

288 1251 442 1302 Semiramis
461 1254 550 1298 autem
571 1275 605 1284 -
627 1275 659 1284 -
679 1249 758 1298 turba
778 1249 924 1299 consenuit.
963 1246 1058 1298 111111.
1081 1247 1103 1310 I,
1125 1250 1150 1298 2.

287 1324 384 1374 Finit
402 1320 556 1373 secunda
576 1327 648 1371 etas
668 1322 796 1372 habens
816 1336 922 1372 annos
948 1321 1010 1372 942.

287 1396 423 1447 Abraham
443 1410 512 1445 anno
535 1395 594 1445 100.
616 1397 709 1459 genuit
728 1397 815 1445 Ysaac
837 1422 869 1430 -
890 1419 924 1429 -
945 1394 1075 1445 conditur.
1112 1394 1198 1445 Beda.

288 1469 386 1535 Ioseph
406 1468 441 1517 16
461 1483 589 1517 annorum
611 1495 643 1504 -
664 1495 697 1503 -
718 1468 841 1534 princeps
860 1469 946 1518 tocius
964 1472 1034 1518 terre
1055 1469 1233 1519 constituitur.

288 1543 328 1592 Eo
339 1547 457 1607 tempore
468 1541 643 1591 Prometheus
652 1567 682 1578 -
692 1541 874 1606 ——ampliasse
885 1541 1083 1605 agriculturam.
1097 1540 1168 1592 Patr.
1175 1539 1244 1592 Com.
1254 1541 1276 1604 I,
1287 1542 1332 1594 86.

287 1616 375 1680 Igitur
388 1620 489 1665 mortuo
503 1615 601 1680 Ioseph
615 1641 648 1650 -
666 1641 697 1650 -
712 1619 786 1664 tanto
800 1616 885 1679 magis
896 1613 1149 1680 multiplicabantur.
1177 1613 1331 1678 11111112.

288 1688 390 1739 Videus
404 1704 467 1753 ergo
480 1688 584 1737 Pharao
597 1715 633 1723 —
650 1715 683 1724 -
697 1689 801 1753 punivit
814 1689 888 1738 Deus
901 1690 929 1736 in
943 1703 1030 1737 errore
1043 1688 1167 1738 fluminis.
1198 1688 1262 1740 ibid.
1273 1705 1294 1739 c.
1307 1692 1331 1738 4.

289 1762 443 1812 Servieruut
463 1776 526 1825 ergo
539 1761 641 1810 Hebrei
654 1763 681 1809 in
695 1762 803 1826 Egypto
820 1789 850 1797 -
868 1788 899 1795 —
914 1763 1032 1811 iunxisse
1045 1761 1171 1812 feruntur.
1204 1759 1244 1825 Of.
1254 1761 1330 1813 Hiar.

289 1835 387 1885 Finit
405 1837 514 1884 tercia
534 1841 608 1885 etas
627 1834 756 1884 habens
777 1850 881 1885 annos
902 1833 963 1884 943.

287 1910 395 1973 Moyses
414 1909 491 1957 annis
510 1908 545 1957 40
568 1935 597 1942 -
620 1935 653 1943 -
675 1907 800 1958 Othoniel
819 1907 916 1973 prefuit
935 1908 1011 1956 annis
1030 1907 1066 1956 40
1114 1904 1153 1971 CJ.
1172 1907 1259 1958 Beda.

288 1982 419 2047 Tempore
444 1981 522 2031 huius
542 1979 691 2031 Othonielis
719 1982 819 2044 egressi
844 1987 905 2031 sunt
930 1997 962 2031 ex
989 1979 1104 2046 quadam
1133 1987 1208 2046 parte
1235 1983 1332 2034 Grocie

215 2055 267 2105 duo
287 2053 383 2106 fratres
397 2054 525 2105 Cathmus
545 2059 572 2103 et
585 2054 696 2116 Phenix,
718 2059 744 2104 et
758 2054 885 2104 Oathmus
906 2053 1027 2103 condidit
1040 2053 1146 2104 Thebas
1164 2060 1191 2103 et
1209 2059 1334 2119 regnavit

213 2127 262 2180 ibi.
300 2129 404 2178 Phenix
422 2129 542 2178 venitin
561 2128 658 2190 Tyrum
680 2133 707 2176 11
726 2126 860 2192 Sydonem
881 2132 909 2176 et
927 2129 1050 2191 regnarit
1067 2127 1114 2190 ibi,
1154 2125 1193 2192 Of.
1212 2128 1292 2180 Hiar.

289 2206 321 2252 et
339 2203 468 2267 primus
487 2199 763 2264 tradiditTyriis
784 2199 991 2265 etSydoniis
1011 2216 1103 2251 usum
1121 2203 1332 2265 quarundam

214 2275 428 2336 litterarum,
449 2274 597 2323 circiter
612 2274 642 2335 73
662 2272 814 2322 tradidit
835 2275 938 2323 etiarn
957 2289 1053 2324 usum
1073 2275 1169 2323 minii
1187 2275 1332 2342 coloris,

216 2354 249 2399 et
269 2347 385 2398 dictus
410 2351 463 2396 111
483 2345 583 2395 11111
601 2345 666 2396 1111
685 2362 745 2411 per
765 2349 1016 2413 corruptionem
1035 2348 1219 2413 puniceus;
1240 2355 1274 2398 11
1293 2348 1332 2398 ad

215 2421 378 2472 honorem
409 2419 483 2469 eius
511 2419 608 2483 Tyrii
638 2424 670 2469 et
698 2417 843 2484 Sydonii
871 2422 971 2486 primi
999 2419 1159 2471 fecerunt
1189 2420 1332 2472 litteras

217 2493 392 2559 capitales
412 2490 451 2542 de
471 2491 667 2542 huiusmodi
694 2492 811 2543 colore
836 2495 945 2553 minii,
972 2498 1004 2543 et
1026 2492 1201 2543 redactum
1227 2500 1279 2545 est
1297 2497 1332 2545 iu

214 2583 320 2629 usum,
346 2570 382 2616 ut
407 2565 528 2616 littere
555 2565 728 2630 capitales
753 2566 807 2616 vel
831 2566 970 2617 rubrica
989 2582 1054 2617 11111
1073 2566 1163 2616 fiant
1183 2565 1220 2615 de
1241 2574 1333 2619 atra-

215 2643 344 2704 mento,
364 2637 422 2688 sed
443 2637 483 2687 de
504 2638 622 2688 colore
642 2639 751 2689 minio.
773 2637 785 2687 1

288 2712 393 2762 Mortuo
413 2711 555 2763 Othoniele
577 2739 611 2748 -
633 2739 663 2748 —
685 2713 819 2778 Amphion
839 2714 956 2762 musicus
976 2712 1079 2763 claruit.
1118 2711 1203 2761 Bada.

288 2785 419 2850 Tempore
433 2784 553 2835 eiusdem
564 2785 699 2837 Femenoe
712 2801 766 2835 nna
784 2786 817 2836 de
832 2786 942 2851 Sybillis
957 2813 988 2821 -
1006 2813 1036 2824 -
1052 2786 1171 2835 versibus
1191 2789 1334 2838 exametris

215 2859 331 2924 scripsit.
352 2855 364 2906 'l

288 2929 391 2981 Eodem
411 2935 530 2996 tempore
549 2947 596 2980 rex
615 2931 760 2995 Dyonisius
780 2932 862 2982 Liber
879 2931 987 2981 Bachus
1007 2932 1169 2997 expugnavit
1182 2932 1288 2983 Indiam
1309 2939 1336 2984 et

208 3005 354 3056 *constituit
371 3004 410 3053 ihi
431 3004 575 3068 civitatem,
596 3019 675 3069 quam
695 3019 711 3053 a
730 3006 836 3054 nomine
856 3021 903 3055 suo
924 3006 1106 3054 denominavit
1124 3005 1225 3055 Nisam.
1247 3005 1259 3055 t

288 3078 339 3127 His
365 3078 445 3127 etiam
472 3076 566 3128 diebus
592 3083 694 3128 mortuo
720 3078 802 3144 Iano,
835 3079 880 3143 qni
907 3079 1007 3143 primns
1039 3080 1067 3127 in
1092 3077 1172 3127 Italia
1202 3082 1335 3144 regnavit,

217 3151 345 3200 Saturnus
367 3178 400 3187 -
419 3177 450 3188 -
472 3166 583 3216 regnum
596 3151 855 3201 Lacedemoniorum
875 3156 1003 3202 exortum.
1031 3150 1110 3203 Paul.
1122 3150 1159 3203 H.
1169 3149 1202 3200 12.
1214 3159 1238 3202 et
1247 3152 1335 3204 Beda.

289 3225 618 3288 Finitquartaetas
639 3222 1248 3288 111111111111111111111111111182.

288 3296 393 3346 Mortuo
414 3296 479 3347 Saul
492 3296 581 3346 David
596 3324 630 3333 -
646 3324 676 3332 -
692 3298 733 3346 Eo
746 3302 865 3361 tempore
885 3312 995 3361 regnum
1012 3298 1171 3348 Assiriorum
1191 3298 1226 3346 ad
1239 3298 1335 3349 Medos

217 3374 244 3419 e't
255 3369 351 3492 {erigas
364 3368 521 3420 translatum
536 3374 584 3431 est,
599 3368 670 3435 quod
684 3385 701 3419 a
714 3370 846 3436 principio
859 3370 920 3440 Beli
933 3374 1044 3421 steterat
1056 3372 1132 3421 annis
1148 3371 1227 3422 1302.
1254 3371 1335 3422 Paul.

216 3449 241 3492 ct
288 3459 301 3492 e
321 3459 348 3492 1.

290 3523 358 3573 Nam
377 3522 485 3575 ultimus
505 3539 551 3572 rex
569 3522 737 3588 Assyriorum
757 3550 789 3560 -
808 3552 842 3559 -
862 3525 957 3576 iniecit
976 3530 1003 3575 11
1022 3527 1111 3591 periit.
1150 3523 1222 3576 Oros.
1245 3527 1268 3589 I,
1291 3530 1334 3577 19.

289 3596 396 3646 Extnnc
415 3596 547 3647 Arbactus
570 3622 600 3633 —
623 3624 655 3633 —
676 3597 932 3648 Nobuchodonosor.
956 3597 969 3646 1

288 3669 363 3718 Tunc
383 3671 463 3720 etiam
478 3669 616 3735 Olympias
635 3687 652 3720 a
667 3672 760 3722 Grecis
781 3674 924 3722 constituta
944 3677 986 3722 est
998 3677 1126 3736 regnante
1141 3671 1212 3738 apud
1228 3673 1334 3725 Ebreos

216 3742 291 3793 Onia.
328 3740 400 3792 Patr.
421 3741 490 3793 Oom.
509 3741 562 3803 IV,
582 3744 625 3794 24.

290 3813 361 3864 Filia
380 3820 468 3866 antem
488 3817 690 3867 Numitoris-
710 3834 816 3868 -uno
836 3824 913 3884 partu
934 3818 1026 3870 edidit.
1067 3817 1146 3869 Paul.
1165 3817 1202 3869 H.
1222 3817 1256 3871 12.

501 3890 550 3938 De
577 3892 783 3942 conditione
809 3893 904 3942 urbis
928 3893 1057 3942 Romae.

289 3959 417 4011 Romulus
445 3977 508 4012 vero
538 3978 597 4013 curn
627 3971 699 4014 esset
725 3992 760 4001 —
792 3991 823 4004 ·-
855 3982 915 4016 cum
944 3964 1015 4031 apud
1041 3965 1163 4016 Hebreos
1192 3966 1334 4031 Eaechyas

157 4082 167 4105 ο
216 4040 350 4098 regnaret.
388 4033 467 4087 Paul.
487 4035 525 4086 H.
544 4035 577 4086 B.

290 4107 344 4156 Hic
364 4107 430 4158 duos
450 4124 555 4160 meuses
568 4110 722 4160 Ianuarium
743 4116 770 4161 et
783 4110 957 4162 Februarium
972 4127 1042 4162 anno
1063 4111 1175 4174 addidit,
1206 4113 1240 4176 of.
1254 4111 1332 4161 Hier.

250 4185 317 4304 nupt
334 4180 409 4290 {eges
428 4182 555 4232 Romanis
575 4182 658 4250 dedit,
677 4186 790 4249 auguria
809 4187 889 4235 etiarn
909 4190 936 4235 et
954 4189 1038 4235 sortes
1051 4185 1153 4235 Romae
1172 4186 1272 4251 primus
1292 4187 1334 4234 in-

229 4254 250 4303 ti
281 4254 309 4304 '.
336 4291 341 4302 .

215 4269 227 4304 8
291 4326 403 4393 Templa
421 4328 568 4393 plurima
588 4329 723 4380 deorum
744 4332 903 4395 construxit3
930 4331 964 4396 cf.
983 4328 1061 4382 Hiar.
