2820 4838
414 370 602 424 CHRONICA
621 371 733 425 REGIA
754 370 1006 426 COLONIBNSIS.
1252 379 1270 428 3

223 543 397 596 fundamenta
423 545 552 611 capitolii
575 547 650 605 iecit,
676 547 748 611 quod
773 552 868 612 postea
895 553 1074 600 constructum
1102 565 1118 600 a
1143 551 1270 603 Romanis

146 633 231 667 unum
251 617 285 667 de
304 623 406 684 septem
427 618 593 670 mirabilibus
612 619 704 670 mundi
722 619 780 669 fuit.
819 621 887 671 Nam
907 623 994 688 ipsum
1008 622 1169 689 Capitolium
1182 652 1218 663 -
1234 652 1270 662 -

147 690 285 741 destinare
306 690 445 741 deberent.
481 690 585 758 (Beda)
608 692 649 742 Da
671 694 684 741 7
704 690 763 742 mir.
783 693 885 744 mundi.

221 764 308 814 Huius
327 765 491 830 temporibus
511 764 616 830 Sybilla
634 766 745 817 Erictea
764 792 798 801 -
821 794 853 803 —
873 767 954 818 idolis
975 770 1112 820 corruerit.
1132 767 1144 818 1

223 835 343 887 Glaucus
363 837 396 887 de
417 837 492 888 choo
513 865 546 875 —
567 866 603 875 —
623 840 795 903 excogitavit.
834 839 905 890 Par.
926 838 995 891 (lom.
1016 840 1067 904 IV,
1086 842 1131 891 33.

222 909 351 961 Decessit
368 917 458 961 autem
477 913 565 962 Numa
585 939 619 949 —
640 939 674 950 -
693 912 786 962 urbem
807 912 953 978 ampliavit.
991 913 1070 965 Paul.
1089 914 1127 964 H.
1147 914 1181 966 B.

221 983 263 1033 Eo
282 987 402 1049 ternpore
422 984 527 1048 Sybilla
545 984 646 1036 Erofila
659 1013 693 1024 -·
708 1013 741 1022 -
757 985 895 1038 ebulliunt.
927 985 999 1038 Patr.
1014 985 1081 1038 Oom.
1099 986 1151 1051 IV,
1166 989 1210 1038 33.
1224 989 1268 1039 32.

221 1055 283 1106 Hoc
303 1061 423 1123 ternpore
442 1059 606 1122 Byzantium
625 1086 661 1096 -
680 1085 716 1094 -
735 1074 799 1128 rege
819 1060 947 1111 subversa
968 1065 1017 1111 est.
1053 1059 1132 1111 Paul.
1152 1061 1190 1114 H.
1210 1060 1244 1112 R.

222 1129 320 1179 Finit
340 1131 462 1195 quinta
482 1137 554 1182 etas
573 1132 705 1182 habens
725 1147 832 1183 annos
852 1132 914 1183 588.

221 1202 290 1252 Nam
312 1202 355 1252 19.
376 1219 446 1254 anno
459 1204 707 1258 Nabuchodonosor
720 1231 755 1240 -
768 1231 806 1242 -
818 1221 865 1272 pro
886 1222 917 1256 eo
932 1212 1085 1272 exponeret.
1114 1205 1185 1258 Patr.
1197 1206 1267 1259 Oom.

222 1275 357 1326 Reversus
377 1282 466 1327 autem
485 1283 576 1343 pastor
595 1303 629 1314 -
653 1305 680 1314 -
704 1277 800 1328 mulier
819 1281 934 1346 accepit,
955 1277 1068 1352 ,Incia
1089 1278 1111 1342 Ι,
1132 1280 1158 1329 4.

223 1347 314 1400 allusit
334 1352 359 1399 ei
378 1356 515 1416 tamqnam
532 1351 577 1401 diu
591 1357 654 1402 noto
675 1379 708 1388 -
729 1379 762 1388 -
784 1351 818 1401 de
833 1367 917 1417 regno
930 1369 1080 1419 puerorum.
1112 1352 1183 1404 Patr.
1199 1352 1268 1405 Com.

223 1421 349 1490 Ceterum
368 1424 477 1490 Arpago
497 1450 533 1461 -
551 1450 586 1460 -
607 1424 698 1475 Lectis
724 1424 770 1474 ille
797 1425 917 1491 epistolis
944 1431 1109 1492 congregata
1128 1427 1269 1478 Persarum

146 1511 229 1547 manu
248 1495 348 1546 bellum
369 1512 419 1547 avo
439 1497 544 1547 indicit.
583 1496 680 1548 Iastia.
705 1496 725 1559 l,
746 1498 772 1547 5.

223 1569 305 1619 Porro
324 1571 458 1635 Astyages
478 1598 511 1607 -
534 1597 566 1608 -
589 1586 670 1622 causa
690 1577 717 1622 et
736 1573 810 1636 origo
830 1571 887 1621 fuit.
929 1569 1002 1622 Oros.
1022 1571 1046 1636 I,
1066 1573 1109 1623 15.

221 1641 309 1706 Igitur
329 1642 412 1707 Cyrus
432 1644 523 1694 Asiam
543 1672 579 1681 -
599 1671 632 1682 -
653 1645 813 1711 patrimonio
834 1644 1003 1696 condonavit.
1041 1643 1106 1695 ibid.
1125 1644 1167 1707 II,
1189 1647 1214 1695 6.

117 1712 127 1734 ⁶
223 1714 318 1780 Cyrus,
337 1716 449 1766 subacta
461 1716 535 1782 Asya
554 1743 587 1753 —
609 1745 642 1754 -
663 1719 798 1782 Regnavit
811 1717 895 1782 Cyme
915 1719 992 1769 annis
1012 1719 1056 1768 30.
1091 1717 1187 1768 Iastia.
1203 1718 1226 1780 I,
1241 1719 1267 1769 8.

222 1788 256 1838 In
266 1789 344 1839 huius
354 1804 424 1839 anno
434 1792 519 1856 primo
530 1792 672 1842 suscitavit
682 1818 716 1827 -
727 1817 763 1828 -
773 1807 820 1857 per
830 1806 923 1841 manns
935 1791 1093 1841 Zorobabel.
1114 1791 1186 1842 Patr.
1198 1789 1266 1842 Gom.

220 1862 289 1912 Post
307 1862 358 1912 hec
372 1863 470 1914 Darius
485 1864 634 1916 scithis-
648 1891 680 1902 -
695 1864 767 1914 unde
787 1863 858 1914 dicte
878 1865 1036 1915 Amazones.
1073 1863 1171 1915 Iastia.
1186 1863 1226 1926 II,
1241 1865 1265 1914 2.

220 1935 323 1985 Harum
335 1935 386 1986 dne
396 1937 470 1986 fuere
480 1939 573 2003 regine
584 1965 618 1974 -
630 1965 663 1975 -
676 1935 861 1988 constituendo
872 1942 1021 1987 tenuerunt.
1045 1935 1118 1987 Oros.
1131 1935 1155 1998 Ι,
1168 1938 1210 1989 15.
1224 1939 1266 1988 16.

219 2008 306 2072 Igitur
319 2009 418 2060 Darius
431 2015 572 2076 postquam
586 2011 709 2076 Assyrios
726 2039 754 2047 -
771 2035 807 2046 -
820 2014 994 2060 memoratum
1008 2011 1052 2060 sit.
1074 2008 1138 2059 ibid.
1150 2008 1191 2070 ΙΙ,
1202 2010 1228 2061 8.
1239 2011 1265 2062 9.

220 2081 346 2147 Denique
378 2088 441 2133 ante
474 2085 684 2151 experimentum
717 2111 751 2120 -
785 2108 817 2118 -
852 2083 993 2133 Persarum
1026 2083 1181 2132 dimicatum
1217 2090 1265 2134 est.

144 2154 245 2206 lustin.
264 2154 305 2216 11,
328 2156 370 2205 10.
392 2157 435 2207 11.

220 2229 321 2290 Quarto
341 2233 430 2278 autern
450 2229 494 2279 die
516 2257 549 2266 -
568 2256 605 2266 -·-
624 2231 722 2281 mutuis
743 2228 853 2279 cedibus
873 2229 935 2280 suis.
978 2226 1052 2278 Oros.
1072 2226 1113 2288 ΙΙ,
1134 2229 1158 2278 9.

221 2301 365 2367 Sparthani
377 2307 519 2369 postquam
532 2318 623 2368 regern
637 2329 673 2339 —
687 2330 718 2339 —
736 2308 857 2352 catervas
871 2301 1036 2352 occiderunt.
1059 2300 1157 2351 Iastia.
1169 2300 1209 2364 11,
1222 2302 1265 2352 11.

218 2375 322 2425 Xerxes
341 2374 383 2425 his
402 2377 481 2426 victis
503 2403 534 2412 -
554 2404 591 2414 -
612 2377 704 2427 domos
725 2375 886 2427 dilabuntur.
928 2374 1001 2426 Oros.
1021 2374 1063 2435 II,
1085 2376 1127 2424 10.

219 2447 280 2497 Hac
301 2447 378 2498 clade
398 2449 549 2515 perculsum
570 2477 604 2486 -—
624 2475 660 2486 -
678 2449 788 2500 Abitum
809 2449 960 2512 contendit;
987 2446 1085 2500 Iastia.
1105 2447 1145 2510 ΙΙ,
1167 2448 1209 2498 13.

219 2520 267 2571 ubi
286 2526 395 2587 pontem
412 2522 495 2573 veluti
512 2525 600 2573 victor
620 2549 651 2560 -
674 2550 707 2559 -
727 2521 847 2588 trepidus
866 2524 979 2572 transiit.
1020 2520 1094 2573 Oros.
1113 2520 1154 2582 II,
1177 2522 1220 2571 10.

218 2595 285 2643 Erat
294 2610 336 2645 res
346 2595 502 2660 spectaculo
514 2595 596 2660 dIgna
606 2624 641 2633 —
654 2623 684 2632 -
697 2597 811 2646 victoria
821 2597 974 2645 nunciatum
985 2596 1029 2646 sit.
1058 2594 1156 2646 Iastia.
1167 2593 1209 2652 II,
1222 2595 1264 2644 13.

220 2667 324 2718 Xerxes
340 2667 412 2718 bello
431 2670 459 2718 in
473 2669 571 2720 Grecis
587 2697 619 2706 -
634 2697 667 2705 -
684 2670 880 2720 circumventus
899 2668 1040 2718 occiditur.
1077 2667 1150 2719 Oros.
1164 2667 1206 2729 II,
1222 2669 1265 2718 11.

220 2739 271 2790 Oui
289 2741 450 2793 Artaxerxes
471 2769 503 2778 -·
525 2769 559 2780 -
580 2748 607 2794 et
625 2743 670 2793 hic
688 2741 749 2793 finis
768 2743 845 2808 regni
863 2743 1012 2792 Persarum.
1035 2740 1048 2790 1

218 2813 306 2878 Igitur
325 2815 485 2880 Tarquinius
504 2832 551 2865 rex
571 2843 605 2852 -
626 2843 660 2853 -
681 2831 850 2882 corrumpere
869 2815 963 2868 voluit.
1001 2813 1081 2864 Paul.
1101 2813 1138 2864 H.
1158 2811 1191 2863 R.

219 2887 280 2937 Hoc
299 2893 419 2954 ternpore
443 2890 594 2955 imperabat
611 2889 700 2940 Medis
719 2890 888 2940 Artaxerxes.
934 2889 992 2950 Quo
1018 2892 1146 2952 regnante
1165 2886 1265 2966 Dedrae

144 2961 285 3010 incensam
304 2961 393 3025 legem
412 2964 561 3013 renovavit.
600 2962 687 3012 Beda.

218 3033 296 3084 Anno
317 3034 379 3084 338.
399 3037 537 3086 Veietanis
557 3035 749 3086 rebellantibus
769 3062 803 3071 -
827 3062 857 3072 -
879 3036 1028 3100 Torquatus
1047 3033 1198 3084 nominatus
1215 3038 1264 3084 est.

145 3104 226 3157 Paul.
245 3105 283 3157 H.
303 3105 337 3158 B.

219 3179 322 3230 Eodem
342 3185 461 3246 tempore
481 3180 628 3250 Phylippus
646 3198 694 3232 rex
713 3181 891 3232 Macedonum
904 3209 940 3218 -
954 3207 988 3216 -
1002 3177 1175 3230 adolescente
1193 3180 1264 3228 occi-

145 3268 191 3303 Μ
211 3258 260 3304 ⁹⁸t'
495 3291 544 3341 De
562 3290 757 3342 Alexandro
776 3291 910 3355 Magno.

219 3363 307 3428 Igitur
324 3361 478 3413 Alexander
497 3379 567 3415 anno
588 3392 619 3400 -
641 3392 678 3402 —
696 3370 813 3429 stragem
829 3364 935 3414 facturi.
977 3360 1050 3412 Oros.
1070 3369 1094 3411 et
1112 3359 1209 3412 Iastia.

145 3436 194 3486 De
214 3436 369 3485 mirabili
389 3437 713 3488 eventuAlexandri
729 3444 761 3487 et
777 3436 942 3502 quomodo
959 3450 1090 3501 veneno
1107 3435 1263 3501 perierit.

218 3509 305 3574 Igitur
322 3508 476 3560 Alexander
501 3510 586 3561 nobili
613 3517 640 3562 et
665 3511 818 3562 multiformi
842 3509 926 3576 preda
951 3514 1060 3559 onustus
1085 3533 1122 3542 -
1148 3534 1180 3543 -
1205 3523 1264 3558 cum

143 3581 196 3647 ipsi
215 3581 310 3632 felices
330 3587 426 3633 esseut.
464 3580 536 3634 Hiet.
554 3582 632 3634 Alex.
1032 3647 1033 3650 Ἴ

220 3655 346 3706 Decessit
354 3655 507 3706 Alexander
516 3656 630 3723 Magnus
642 3684 673 3692 -
685 3684 720 3693 -
730 3655 858 3706 nonnulla
868 3670 1024 3721 apparuere.
1037 3651 1133 3705 lustin.
1140 3651 1208 3715 XII,
1220 3654 1263 3705 16.

220 3728 291 3778 Dum
313 3729 383 3778 enim
404 3729 551 3796 Phylippns
573 3756 604 3765 -
627 3757 659 3766 -
681 3729 763 3779 celeri
781 3730 936 3795 periturum.

219 3801 261 3851 Ila
280 3803 360 3851 etiam
382 3801 425 3851 die
445 3818 498 3868 qua
517 3808 594 3854 natus
614 3831 649 3840 -
668 3831 704 3839 —
723 3819 777 3853 non
796 3801 952 3852 calcaverit.
991 3798 1088 3849 Iastia.
1108 3799 1125 3850 l.
1146 3799 1163 3852 l.

219 3874 307 3939 Igitur
324 3873 479 3926 Alexander
497 3892 545 3943 per
565 3877 598 3923 12
618 3892 701 3927 annos
722 3903 754 3912 —
776 3902 805 3912 -
829 3876 972 3940 fregerunt.
1013 3870 1087 3924 Oros.
1107 3871 1167 3934 HJ,
1186 3874 1230 3924 23.

220 3947 260 3998 ao
280 3953 399 4014 ternpore
419 3949 596 4000 Demostenes
616 3955 643 3999 et
660 3948 818 4001 Aristoteles
837 3948 932 3998 famosi
952 3951 1035 3997 erant.
1072 3945 1160 3997 Beda.

221 4021 308 4085 Igitur
322 4021 455 4072 Samnites
469 4022 540 4086 apud
554 4022 690 4073 Caudinas
706 4050 737 4060 -
754 4050 787 4059 —
802 4023 880 4087 Argis
895 4022 998 4071 occisus
1013 4023 1061 4070 est.
1091 4018 1171 4071 Paul.
1182 4019 1219 4071 H.
1229 4021 1263 4071 B.

222 4093 323 4143 (iuiusa
336 4093 426 4160 pollex
447 4111 460 4143 e
482 4095 574 4146 dextro
594 4095 664 4162 pede
685 4123 718 4132 -
740 4123 772 4132 -
793 4094 893 4161 templo
906 4092 1115 4144 DodoneiIovis
1133 4094 1263 4146 conditur.

148 4162 275 4231 Laadolf.
295 4166 332 4216 H.
352 4183 385 4217 m.

149 4368 172 4419 a)
186 4370 237 4410 bueo
251 4370 276 4410 ia
291 4383 358 4422 muro.
375 4368 428 4414 aaa.
442 4372 462 4411 B
479 4375 498 4411 l.
