2820 4838
364 375 610 428 coNTINUATm
630 377 784 429 MARTINI
805 377 1058 432 COLONIENSIS.
1217 383 1273 434 369

145 544 331 632 Hospitalis
368 543 479 611 Sancti
516 543 667 608 Iohannis
708 545 743 608 in
778 543 861 610 bello
898 544 998 610 multo
1035 545 1144 614 labore
1180 571 1270 614 recu·

172 639 293 696 oratur.
991 646 994 651 '
1142 667 1159 691 .-

145 654 169 718 Ρ
235 714 362 778 Horum
399 712 501 777 eciam
537 713 719 798 principum
756 713 964 799 temporibus,
1001 712 1154 780 videlicet
1185 738 1268 786 anno

147 799 286 864 Domini
311 797 403 879 1326,
435 795 556 860 heresis
585 795 722 882 quedam
754 795 921 883 propalata
952 807 1000 862 est
1027 797 1168 881 Colonia,
1206 823 1268 888 que

145 883 243 948 annis
266 880 427 967 aliquibus
451 879 629 962 duraverat,
657 880 818 967 adquam
850 881 1095 946 examinandam
1125 905 1198 948 cum
1227 908 1268 950 ex

147 989 248 1054 prece
274 976 307 1031 to
322 965 443 1029 domini
465 963 612 1028 Heinrici
632 963 865 1051 archiepiscopi
882 964 1081 1031 Coloniensis
1103 967 1164 1032 viri
1185 967 1268 1033 litte-

147 1053 221 1134 rati,
244 989 358 1116 llatres
380 1047 612 1128 Predicatores,
634 1049 775 1114 Minores
804 1047 910 1113 etalii
933 1072 1029 1135 quarn
1059 1049 1168 1136 plures
1196 1051 1267 1117 reli-

145 1135 236 1222 giosi
252 1134 400 1199 advocati
416 1133 550 1197 fuissent
565 1142 597 1196 et
610 1134 713 1218 ipsam
725 1133 862 1198 heresim
878 1135 1020 1198 maxima
1034 1134 1267 1209 deliberacione

147 1229 181 1286 et
208 1217 311 1284 multo
337 1226 481 1302 tempore
511 1217 718 1299 discuterent,
751 1216 875 1304 aliquos
907 1241 948 1282 ex
979 1219 1059 1305 ipsis
1086 1219 1127 1284 ad
1157 1243 1267 1284 veram

146 1303 248 1368 fidem
272 1309 507 1382 converterunt,
530 1299 655 1364 duobus
678 1300 896 1367 sacerdotibus
920 1314 951 1368 et
965 1325 1029 1368 uno
1051 1301 1132 1368 laico
1155 1314 1187 1368 et
1209 1328 1267 1370 sex

148 1388 281 1453 feminis
311 1388 344 1449 in
373 1384 509 1471 perfidia
536 1385 822 1470 perseverantibus.
866 1386 958 1450 Unus
987 1397 1094 1453 autem
1121 1388 1160 1453 dc
1191 1388 1267 1454 duc-

147 1473 211 1538 bus
239 1468 458 1536 sacerdotibus
485 1471 613 1533 nomine
642 1469 843 1550 Waltherus,
873 1473 929 1556 qui
963 1480 995 1535 et
1024 1471 1137 1536 ductor
1165 1474 1266 1560 ipsius

146 1555 272 1702 herespls
301 1555 416 1637 extitit,
445 1554 538 1618 vivus
568 1561 701 1617 exustus
723 1562 771 1617 est
782 1566 802 1634 ¹,
832 1555 993 1641 ceterique
1021 1567 1177 1642 perpetuo
1201 1579 1267 1622 car·

146 1641 216 1706 ceri
261 1640 393 1704 eutati.

234 1662 340 1809 Igllur
359 1730 434 1808 post
454 1731 589 1785 mortem
611 1719 684 1784 dive
713 1722 865 1785 memorie
888 1721 1034 1791 Heinrici
1064 1723 1265 1809 imperatoris

146 1808 313 1895 principes
336 1818 367 1870 et
388 1806 533 1870 civitates
555 1803 644 1869 Italia
666 1806 699 1867 in
723 1805 882 1869 contraria
897 1804 1003 1869 studia
1022 1805 1265 1891 scindebantur3

147 1892 236 1957 unde
259 1901 293 1957 et
313 1888 518 1976 alienigenas,
541 1887 663 1953 scilicet
685 1888 863 1954 Germanos
885 1898 916 1953 et
938 1887 1078 1954 Gallicos
1098 1890 1151 1954 vel
1174 1914 1267 1978 quos-

146 1998 277 2063 cunque
313 1973 401 2057 alios,
436 1974 562 2058 magnis
598 1972 765 2059 stipendiis
802 1972 864 2037 sibi
897 1971 1113 2055 attrahebant,
1150 1976 1195 2039 ita
1230 1988 1267 2040 ut

146 2061 279 2147 cognati
302 2066 454 2144 cognatos
476 2067 507 2122 et
528 2057 639 2121 affines
667 2067 699 2122 et
719 2058 820 2121 vicini
847 2058 970 2121 vicinos
998 2057 1214 2124 interficerent
1235 2070 1267 2124 et

145 2143 405 2232 pessumdarent.
438 2140 533 2223 Quod
556 2140 629 2206 ideo
644 2141 764 2205 factum
779 2151 836 2218 est,
859 2151 894 2206 ut
907 2140 1118 2227 plurimorum
1134 2145 1266 2229 opinioa

147 2252 182 2295 se
198 2229 307 2310 habet,
353 2227 406 2291 uia
420 2248 554 2312 regnum
569 2223 683 2290 celeste
699 2224 917 2312 acephaluml,
940 2224 973 2288 id
989 2235 1039 2290 est
1060 2227 1128 2292 sine
1151 2229 1266 2314 capite,

147 2314 268 2380 extitit.
343 2310 405 2376 nde
427 2332 558 2375 versus:

306 2397 397 2460 Dum
419 2404 520 2480 caput
542 2403 676 2480 eprotot,
701 2396 807 2458 omnia
829 2395 970 2458 membra
992 2392 1107 2459 dolent.

234 2479 365 2544 Certum
387 2489 497 2544 autem
519 2490 577 2560 est,
599 2477 686 2564 quod
709 2479 843 2545 Creator
863 2500 920 2543 sue
941 2476 1083 2564 presidet
1111 2488 1264 2560 creature,

143 2575 178 2634 et
215 2564 304 2652 quod
339 2565 423 2629 iusto
461 2572 492 2628 et
527 2560 796 2648 irreprehensibili
831 2562 936 2661 agitur
969 2561 1030 2628 Dei
1065 2562 1193 2647 iudicio,
1231 2575 1267 2628 ut

144 2648 326 2717 secundum
363 2649 476 2714 merita
511 2645 586 2710 cleri
619 2655 651 2712 et
684 2645 795 2732 populi
827 2645 997 2732 aquuando
1034 2645 1170 2710 ecclesia
1201 2647 1266 2711 Dei

143 2735 266 2801 habeat
286 2733 493 2812 advocatum,
526 2729 568 2795 ali
591 2729 697 2795 uando
728 2729 867 2815 nullum,
900 2728 1071 2816 aliquando
1099 2753 1175 2796 vero
1200 2753 1264 2831 pro

143 2842 224 2905 rege
245 2819 428 2882 tirannum⁰
449 2814 492 2878 ad
506 2753 706 2880 vindictam‘¹
728 2814 938 2902 reproborum
961 2823 992 2879 et
1014 2813 1055 2879 ad
1077 2815 1266 2880 exercitium

145 2903 333 2971 electorum.

142 3066 168 3121 a)
185 3065 284 3118 oppinio
299 3075 317 3105 c.
372 3062 401 3120 pb)
419 3063 570 3113 accephalutn
585 3073 603 3103 r.
664 3059 684 3114 c)
701 3062 846 3102 thirrennum
861 3073 878 3104 r.
939 3060 963 3114 d)
979 3061 1080 3101 vinctam
1096 3072 1113 3104 o.

146 3200 175 3269 1)
199 3198 240 3267 ty.
262 3197 324 3249 Not.
345 3194 432 3248 C'olora.
453 3196 470 3246 l.
491 3196 508 3246 l.
523 3213 553 3261 p.
574 3195 636 3246 366.
