2820 4838
225 364 403 416 OHRONIOI
421 365 583 416 RHYTHM.
604 365 847 418 COLONIENSIS
866 365 1097 418 FRAGMENTA.
1164 367 1218 418 315

248 538 382 603 Dentes
405 554 438 596 se
461 530 581 608 sceleri,
606 533 742 618 cupiunt
763 534 866 618 magis
888 533 961 598 inde
984 536 1099 620 timeri,

192 631 227 680 50
251 615 317 680 Sed
339 615 410 714 plus
433 618 544 701 augeri
567 626 657 703 patet
677 616 752 681 hinc
774 617 948 704 odiumque
970 623 1095 687 mereri.

249 698 403 764 Vindicat
422 698 457 763 id
479 699 566 764 clara
588 703 752 786 cognacio,
774 703 827 765 cui
848 702 884 766 fit
906 723 1015 767 amara

248 784 337 848 Mors
360 783 442 848 sibia
464 806 529 849 non
551 806 635 866 cara,
656 785 745 849 necis
768 807 806 849 ac
827 785 933 850 illecio
955 809 1038 851 rara.

248 867 403 938 Tandem
418 867 457 932 de
472 867 602 954 publico
619 879 749 954 sumptu
764 868 866 933 scelus
881 870 942 935 hoc
957 871 1160 959 redimentes,

249 953 329 1017 Tem
355 975 408 1017 ore
455 963 505 1017 ost
526 953 653 1017 modico
675 954 800 1018 facinus
822 955 913 1040 peius
936 954 1098 1040 facientes,

191 1052 226 1101 55
250 1038 304 1102 Sic
360 975 525 1101 ircednum
549 1037 750 1102 Gerardum¹
774 1038 869 1103 rebus
892 1049 1041 1120 ementes,

248 1121 445 1206 Dampnant,
466 1120 616 1186 festinum
637 1144 695 1208 per
716 1143 797 1207 opus
819 1145 897 1186 mox
917 1123 1144 1192 interimentes,

248 1211 324 1276 Nec
345 1204 473 1270 valuere
495 1227 607 1291 preces
629 1214 736 1307 empto
759 1205 881 1271 deferre
903 1210 1019 1290 cruori,

247 1289 301 1352 Nil
323 1289 465 1354 siciendo
487 1312 584 1355 ncces
605 1300 711 1376 poturt
733 1293 810 1355 satis
832 1313 901 1356 esse
923 1291 1033 1356 furori.

250 1373 279 1439 Ο
301 1383 368 1437 tam
390 1372 579 1460 suppliciter
599 1375 790 1460 rogitantem
812 1374 951 1440 vidimus
973 1375 1072 1460 illum,

191 1473 226 1521 60
248 1457 294 1522 Ut
316 1457 377 1522 sibi
399 1460 510 1522 mortis
531 1459 594 1523 iter
614 1457 733 1523 vellent
754 1458 882 1524 differre
903 1458 1064 1545 pusillum,

249 1548 334 1618 (luo
357 1565 416 1606 sua
437 1551 571 1628 peccata
593 1551 703 1628 posset
722 1564 861 1628 purgare
882 1542 999 1608 luendo

246 1626 349 1690 Trans
372 1648 470 1707 mare,
493 1635 603 1690 curata
624 1628 752 1690 racione
774 1628 861 1691 viam
882 1626 1040 1697 faciendo.

247 1711 416 1775 Presentes
437 1709 570 1774 aderant
589 1708 636 1773 ibi
658 1709 771 1774 fratres
793 1709 1076 1794 Theutonicorum,

249 1795 314 1875 Qui
358 1795 476 1879 rompti
497 1794 623 1858 fuerant
643 1793 729 1857 hunc
751 1792 871 1857 ordinis
894 1817 963 1860 esse
987 1818 1127 1860 suorum.

180 1892 224 1941 ¹65
247 1818 356 1955 Quod
376 1877 452 1942 licet
471 1879 587 1943 iratum
609 1899 674 1941 non
696 1876 823 1962 vulgus,
845 1879 914 1943 iure
937 1901 1067 1944 movere

247 1962 346 2027 Urbis
368 1961 526 2048 prelatum
548 1960 688 2026 debebat
707 1983 854 2048 parcere3
876 1961 953 2027 flere

247 2046 395 2111 Vidimus
411 2047 496 2110 hunc
512 2047 553 2111 ob
568 2046 664 2128 idem,
680 2046 736 2111 sed
751 2044 870 2110 factum
886 2044 1112 2130 dissimulavit;

246 2130 319 2195 Non
340 2131 469 2196 turbare
492 2129 621 2217 quidem
643 2129 770 2216 plebem
792 2129 870 2213 vult,
893 2152 955 2217 que
977 2129 1149 2196 sibilavit.

245 2218 358 2286 Aures
375 2214 523 2280 obturant
538 2214 707 2300 precibus,
728 2213 789 2278 fert
803 2236 884 2282 unus
900 2217 1044 2280 eorum*:
1221 2235 1380 2293 praeoran-

190 2315 225 2363 70
247 2299 325 2365 ‘Cur
336 2310 460 2364 tantum
472 2298 587 2363 durant
598 2297 681 2362 hec?
697 2298 785 2362 sisic
802 2300 916 2363 unicus
931 2299 1042 2363 horum
1223 2310 1263 2340 ⁰¹¹⁸
1273 2295 1357 2343 ³0¹³*-

247 2384 328 2447 Tam
351 2383 391 2447 de
413 2381 534 2447 difficili
555 2404 614 2468 per
635 2404 694 2446 nos
715 2381 811 2447 modo
833 2383 1051 2464 mortificatur,

247 2468 386 2532 Tardius
409 2491 450 2531 ex
472 2465 568 2530 simili
588 2466 720 2552 reliquis
741 2467 801 2532 hec
822 2490 906 2552 pena
928 2464 1077 2552 paratur’.

246 2551 308 2623 Nil
329 2555 419 2616 iuvat
441 2549 597 2634 oblatum3
620 2572 686 2615 vox
706 2550 851 2637 prevalet
871 2552 1089 2638 impietatum3

247 2636 426 2722 Tamquam
448 2635 655 2720 dampnatum
679 2634 800 2699 ducunt
821 2635 906 2699 hunc
928 2635 1154 2720 decapitatum,

192 2735 225 2784 75
250 2719 384 2784 Sanctos
407 2730 560 2802 orantem,
583 2741 641 2805 pro
663 2741 749 2783 nunc
771 2720 912 2805 rogitare
933 2728 1129 2806 precantem,

249 2803 392 2868 Crimina
413 2802 600 2889 plorantem,
623 2803 779 2868 scelerum
801 2804 931 2867 veniam
953 2805 1157 2888 rogitantem.

247 2890 311 2960 §ic
334 2887 413 2952 alias
435 2889 584 2952 meritum
605 2909 664 2972 pro
688 2887 789 2972 culpis
811 2898 905 2952 antea
926 2889 1020 2954 factis

247 2973 306 3036 Vir
328 2973 415 3059 capit
436 2972 614 3055 interitum3
637 2973 773 3036 formam
796 2971 884 3037 dedit
905 2973 1011 3036 exitus
1033 2972 1123 3054 actis,

248 3055 312 3120 Sed
335 3077 390 3120 cor
412 3057 584 3121 contritum
606 3054 719 3138 salvat,
742 3078 833 3142 spem
855 3055 961 3120 dando
984 3054 1103 3120 salutis.

191 3156 225 3204 80
247 3140 319 3205 Hec
342 3151 446 3206 ortum
469 3138 610 3204 subitum
632 3139 709 3204 dant
753 3141 839 3204 ravis
861 3139 936 3205 inde
959 3140 1086 3205 secutis.

246 3228 388 3297 §ummo
411 3224 498 3289 dicta
519 3225 584 3287 scio
606 3233 682 3288 tunc
703 3163 780 3288 talia
800 3223 900 3288 verba
944 3225 1081 3288 riorum:

247 3308 324 3373 ‘Our
345 3331 387 3373 ex
410 3308 514 3374 officio
536 3307 632 3372 modo
654 3329 719 3372 non
740 3306 893 3372 obsistitis
916 3247 942 3371 li

246 3392 389 3475 Nisibus,
413 3392 582 3457 ecclesiam
604 3392 659 3477 qui
681 3401 727 3456 tot
747 3393 904 3518 privabndo
927 3392 1080 3456 ministris

249 3522 819 3548 ...................
865 3476 1010 3540 sinistris.

938 3330 1029 3372 orum

108 3639 123 3689 ι)
141 3651 151 3678 e
167 3651 225 3680 corr.
241 3650 260 3678 o.
318 3640 343 3690 b)
359 3641 410 3680 baec
425 3640 509 3680 absara
523 3643 583 3678 cunt.

108 3769 129 3835 l)
157 3769 222 3820 Cum
254 3769 315 3822 aliis
347 3790 373 3822 a.
405 3772 475 3822 1259
505 3771 599 3833 (1260,
628 3767 720 3822 Ennea
749 3767 791 3831 II,
818 3786 850 3835 p.
876 3769 928 3818 148
956 3771 996 3833 u.)
1028 3766 1216 3836 proscribitur,

108 3843 251 3896 Laeomblet
270 3845 311 3909 II,
327 3862 357 3911 p.
378 3845 440 3894 476.
460 3845 530 3908 496;
557 3845 604 3897 red
622 3843 656 3895 de
675 3842 731 3894 aas
749 3859 812 3894 nece
837 3841 903 3894 alibi
926 3841 997 3894 nihil
1020 3840 1150 3894 traditum
1169 3850 1216 3893 est.

108 3920 129 3981 l)
150 3916 226 3968 Idem
245 3927 281 3969 eet
305 3935 381 3984 quem
394 3926 456 3984 post
480 3918 556 3971 illam
578 3916 733 3969 seditionem
757 3913 930 3982 scabiemque
954 3913 1045 3968 eiectos
1070 3932 1129 3968 cum
1155 3914 1216 3967 aliis

108 3990 315 4114 reaziprpmflpcit
327 3990 465 4043 Contractus
478 3990 691 4057 archiepiscopus
701 3990 728 4042 ol.
741 3991 783 4041 1⁷.
795 3991 861 4055 Apr.
874 3989 957 4054 12593
978 4007 1004 4041 c.
1015 3989 1167 4042 Laoomblet
1175 3987 1215 4051 11,

108 4081 128 4115 ο.
206 4102 212 4116 .
282 4103 288 4116 .

556 4239 755 4248 -ι--η--ι
