2820 4838
323 354 510 405 OHRONICA
528 354 641 405 REGIA
663 353 916 406 COLONIENSIS.
1096 353 1173 404 XXV

59 521 206 585 Martini
227 520 414 601 chronicon,
445 520 533 604 quod
560 523 776 602 continuavit,
804 521 955 585 adhibuit
984 543 1109 606 quoque
1131 522 1177 586 od

10 646 13 653 =
61 627 145 688 opus
168 627 262 668 suum
284 605 514 668 instruendum
539 605 824 670 Continuationem
841 605 1034 689 pontificum
1055 606 1175 669 Roma·

59 711 149 751 narn.
193 688 274 751 Alia
297 709 336 750 en
359 689 604 752 continuatione
629 689 774 772 quodum
797 688 973 751 annalium
1003 690 1039 751 in
1061 711 1174 752 mona-
1232 736 1241 751 .

60 774 158 835 sterio
193 773 227 836 S.
258 771 471 857 fontaleonis
500 773 698 855 scriptorum
729 781 836 835 sumta
899 773 1032 835 utorim.
1087 771 1178 836 Sane

59 855 154 919 haud
181 857 297 940 enipui
324 857 429 938 pretii
455 864 501 919 est
527 856 734 919 aestimanda
762 855 841 919 haec
870 795 1026 937 historia,
1057 857 1178 941 quippe

58 961 144 1024 quae
160 963 227 1004 non
243 939 345 1003 solum
369 938 479 1002 adres
498 938 700 1003 Colonieuses
721 939 835 1003 melius
849 961 885 1003 co
910 939 1100 1021 noscendas,
1123 940 1179 1003 sed

59 1025 158 1087 etiam
187 1023 233 1086 ad
261 1022 487 1102 universalem,
516 1032 552 1085 ut
572 1025 622 1087 ita
644 1024 762 1102 dicam,
792 962 917 1088 soeculi
946 1023 1063 1088 decimi
1091 1024 1180 1086 tertii

59 1109 208 1171 eueuntis
231 1107 409 1189 decimique
432 1108 543 1191 quarti
572 1108 717 1170 ineuntis
746 1107 917 1170 historiam
945 1106 1179 1171 elucidandam

58 1189 178 1255 voleat.

145 1271 252 1336 Multa
283 1294 322 1334 en
352 1281 461 1336 nostro
496 1274 765 1358 deprompserunt
793 1273 961 1338 Chronica
982 1271 1179 1357 praesidum

62 1356 306 1423 Coloniensium
340 1365 368 1420 et
398 1354 561 1420 Chronico
589 1360 798 1442 quorundam
826 1380 939 1444 repam
974 1380 1012 1420 ac
1038 1359 1179 1441 impero·

59 1451 167 1504 torum
189 1442 424 1519 Romanorum,
455 1441 571 1525 quibus
598 1443 636 1504 in
658 1442 866 1506 restituendis
888 1441 995 1506 uerbis
1016 1463 1177 1505 nonnum-

81 1547 159 1588 uam
181 1526 232 1588 uti
257 1524 360 1588 licuit.
409 1523 516 1587 Versio
540 1523 740 1589 Germanico
766 1527 803 1589 in
827 1526 978 1589 chronico
999 1524 1180 1589 vernacula

59 1548 107 1672 lin
134 1632 180 1672 un
208 1610 330 1691 scripto
353 1607 474 1671 codicis
496 1609 704 1673 Monacensis
728 1608 835 1672 Germ.
857 1632 910 1672 nr.
932 1609 1004 1674 691.
1026 1608 1179 1694 lepitur1.

60 1631 205 1757 Solllani
240 1691 411 1775 epistolam
443 1691 599 1756 Clementi
634 1693 666 1757 V.
696 1715 812 1777 pupae
845 1694 1003 1757 directam
1041 1695 1180 1756 eontinet

60 1778 158 1840 etiam
180 1776 282 1839 codeu
304 1775 511 1839 bibliothecae
537 1779 708 1862 pymnosii
738 1778 783 1840 ad
805 1776 964 1841 Sanctum
987 1775 1179 1841 Marcellum

63 1858 227 1941 Coloniae,
250 1861 422 1944 sipnatus:
453 1859 553 1925 Codd.
581 1861 618 1924 in
640 1861 676 1924 4⁰
698 1883 750 1923 nr.
776 1861 845 1941 169,
874 1883 957 1924 saec.
979 1860 1064 1923 XIV.
1108 1860 1178 1924 Hoc

62 1953 90 2008 et
113 1944 159 2006 ad
174 1943 404 2028 corripendum
420 1952 449 2006 et
464 1944 509 2006 ad
523 1944 743 2028 supplendum
757 1953 879 2007 tentum
895 1943 1017 2008 codicis
1037 1942 1179 2008 Wilono-

62 2028 167 2092 miani
189 2049 270 2090 usus
292 2049 362 2090 sum
383 2028 548 2112 siquando
571 2050 643 2090 eum
664 2025 702 2094 2!

146 2112 237 2174 Haec
271 2111 340 2172 iam
369 2132 436 2173 uno
463 2111 626 2175 uolumine
659 2112 838 2175 coniuncta
865 2110 1014 2173 omnibus
1047 2110 1105 2208 aui
1139 2110 1175 2172 iu

62 2195 203 2258 historia
233 2196 299 2257 sive
331 2192 517 2258 Coloniensi
550 2198 617 2260 sive
647 2194 829 2259 uniuersali
860 2194 960 2258 medii
993 2215 1065 2257 aem
1092 2201 1176 2256 trac·

61 2278 169 2342 tanda
191 2286 365 2342 versantur
386 2287 486 2362 prata
499 2278 578 2362 fore
601 2278 737 2360 confido.

62 2441 90 2505 1)
112 2439 152 2506 Cf
173 2438 436 2492 ‘Stddtechronihen’.
476 2439 540 2492 Co'ln
559 2440 619 2505 III,
634 2457 664 2507 p.
685 2440 738 2491 962
757 2439 796 2504 (1,
810 2457 842 2506 p.
859 2441 976 2505 LXXIV).

144 2579 277 2645 Dabam
298 2580 450 2644 Berolini
472 2581 503 2644 d.
526 2579 577 2644 29.
597 2581 784 2646 Decembris
809 2579 899 2644 1879.

903 2735 941 2800 G.
963 2737 1096 2802 Waitz.
