2820 4838
261 354 448 406 CHRONIOA
468 354 580 407 REGIA
601 355 856 408 COLONIENSIS.
878 355 981 407 CONT.
1000 357 1033 407 A.
1046 357 1127 410 1199.
1213 358 1264 408 169

481 526 646 580 Receusio
666 527 713 579 11.
734 528 826 580 codd.
845 529 879 580 B.
901 527 929 580 0.

144 593 283 675 efficere,
306 603 342 658 ut
362 595 514 659 alteruter
535 616 646 659 eorum
677 604 825 675 cessaret,
854 618 896 660 ex
922 595 1053 660 consilio
1082 597 1265 682 principum

143 700 203 764 per
218 680 471 825 quinpuennium
486 699 553 764 pax
567 678 746 742 firmaretur
761 688 793 743 et
812 679 873 742 hoc
891 679 1116 761 elaboraretur,
1137 690 1173 745 ut
1186 679 1277 764 alter,

144 761 236 827 altem
254 783 291 826 ce
316 771 390 828 eret.
426 762 490 827 Sed
509 761 586 848 quid
608 760 821 827 intenderinta
832 761 884 828 vel
900 762 976 848 quid
989 762 1180 829 contulerint
1192 786 1265 828 oum

143 845 239 930 Phyli
263 867 315 931 po,
330 843 405 910 licet
415 868 481 910 non
501 847 683 926 innotuerit,
698 868 757 909 rex
770 845 847 910 Otto
862 848 1014 911 invitatus
1034 869 1054 910 a
1067 847 1264 934 marchione,

144 938 181 994 ut
195 867 392 994 Bolrardiam
407 931 539 1012 veniret,
553 930 697 1010 rennuit,
715 930 867 1015 quoniam
887 930 1016 1014 quidem
1035 931 1265 996 dedecorosum

143 1011 317 1078 arbitratus
339 1023 396 1096 est,
420 1015 446 1077 si
468 1012 533 1078 ullo
555 1022 649 1098 pacto
671 1034 771 1097 regno
794 1013 930 1095 eederet,
953 1036 1027 1078 oum
1048 1014 1203 1101 legittime
1232 1017 1266 1078 in

143 1119 255 1182 regem
270 1107 472 1162 consecratus
488 1107 579 1162 esset.
618 1095 786 1161 Ounradus
802 1099 897 1161 etiam
914 1099 1085 1184 episcopus
1098 1098 1266 1163 Coloniam

144 1181 289 1262 veniens,
311 1203 384 1245 cum
426 1183 561 1267 piscopo
584 1179 768 1245 Coloniensi
790 1190 822 1245 et
842 1179 906 1244 bur‘
928 1181 1057 1247 ensibus
1072 1180 1266 1267 colloquium

145 1266 265 1363 super·b
287 1265 348 1329 hoo
369 1204 490 1344 hairuit,
505 1264 561 1329 sed
576 1264 693 1328 infecto
707 1266 844 1349 negocio
865 1203 970 1330 rediit.
1010 1264 1129 1352 [oumc
1150 1268 1183 1328 in
1205 1266 1267 1330 hac

145 1371 179 1413 re
201 1371 308 1412 mmus
329 1349 390 1412 hoo
413 1348 509 1414 modo
556 1349 751 1429 rofeoissent,
778 1348 872 1413 ambo
899 1371 933 1414 se
960 1349 1001 1413 ad
1025 1347 1166 1415 Suevum
1193 1371 1266 1414 con-

144 1431 307 1521 tuleruntl.
340 1433 419 1498 Post
440 1371 559 1498 haecICJ

562 1432 703 1496 onradus
725 1432 895 1517 episcopus
908 1431 1086 1517 Ungariam
1101 1434 1234 1498 intravit
1245 1447 1266 1517 ¹,

145 1525 180 1580 ut
197 1515 391 1581 discordiam
405 1517 538 1582 fratrum
556 1515 691 1596 sedaret,
704 1524 735 1580 et
746 1513 787 1579 ab
799 1527 935 1601 utroque
946 1516 1120 1602 honorifice
1138 1539 1267 1616 suseep-

145 1609 196 1664 tus
220 1610 279 1665 est.
323 1601 406 1665 Inito
430 1600 562 1666 oonsilio
585 1609 617 1665 et
637 1598 746 1664 habito
762 1620 920 1663 consensu
935 1601 1099 1685 utriusque
1121 1611 1153 1666 et
1175 1601 1265 1666 ducrs

144 1681 295 1750 Austriae
324 1683 466 1771 Lupoldi
494 1685 698 1782 omniumque
720 1682 903 1769 principum
924 1683 1098 1782 Ungariae,
1129 1686 1264 1770 pacem(¹

144 1766 202 1832 tali
223 1769 318 1833 modo
341 1770 460 1850 statuit,
483 1778 519 1833 ut
540 1770 658 1852 signatl
680 1788 775 1853 cruce
789 1788 877 1831 mare
891 1776 1063 1833 transrrent
1077 1779 1110 1833 et
1129 1790 1266 1853 regnum

144 1851 310 1936 Ungariae
332 1852 474 1938 predicto
506 1852 581 1917 duci
603 1851 751 1916 Austriee
773 1852 1040 1932 commendarent,
1068 1862 1113 1934 ut,
1143 1854 1171 1916 si
1193 1854 1265 1938 quis

144 1934 272 1999 illorum
299 1946 400 2001 morte
426 1945 600 2022 preventus
632 1936 668 1999 in
695 1935 913 2000 transmarinis
947 1935 1092 2021 partibus
1122 1935 1266 2000 debitum

144 2021 255 2167 carnisl
279 2019 467 2102 exsolveret,
496 2020 723 2107 supervivens⁰
753 2018 879 2083 rediens
901 2019 943 2083 ad
965 2021 1102 2104 patriam
1130 2042 1265 2106 regnum

142 2105 233 2190 possi
257 2113 333 2168 eret.

143 2229 167 2282 a)
183 2232 334 2271 intenderunt
350 2253 376 2262 -
393 2231 601 2273 contuleramus.
660 2227 685 2282 b)
701 2239 771 2280 super
785 2229 829 2269 hoc
844 2229 887 2270 dee.
904 2229 945 2272 01.
962 2230 983 2270 2.
1045 2228 1066 2281 c)
1081 2231 1130 2270 haee
1145 2230 1221 2271 duum
1235 2230 1265 2272 Β,

144 2289 242 2341 (luceat
263 2292 307 2333 01.
368 2289 540 2343 e)vlvens02.

146 2383 174 2452 1)
195 2403 221 2437 a.
244 2386 322 2448 1200,
348 2384 528 2438 Wakelmunu
546 2385 572 2450 1,
588 2402 618 2450 p.
640 2384 701 2435 189.
