2820 4838
327 365 514 417 CHRONICA
532 364 644 416 REGIA
664 364 916 417 COLONIENSIS.
1144 369 1179 419 15

186 539 221 588 D.
243 539 304 591 797.
324 539 508 590 Theodericus
527 554 573 590 rex
592 540 755 590 Francorum
776 540 850 591 obiit.
888 537 988 592 itaet.

185 613 220 663 D.
243 613 304 662 739.
325 611 860 664 85555551(1511155115151515551155155
882 641 915 650 —
936 641 968 650 -
989 613 1125 679 fugierunt
1145 616 1180 666 de

53 689 96 734 ter
111 698 129 733 a
148 683 207 734 illa.
246 683 311 736 itis.

130 757 163 807 A.
184 759 219 808 D.
242 758 301 809 740.
321 758 435 809 Karolus
456 759 599 810 Saxoniam
618 759 709 808 intrat.
747 757 810 808 ibid.

128 829 164 882 A.
184 832 219 882 D.
242 832 302 885 741.
322 832 379 882 Leo
398 834 544 898 imperator
562 833 660 898 impius
679 832 754 883 obiit.
791 830 856 882 ibid.

130 902 164 954 A.
184 905 219 954 D.
241 905 302 968 742,
321 905 355 955 U.
376 920 399 956 c.
421 905 500 956 1493.
520 904 719 968 Constantinus,
744 904 814 956 filius
834 905 942 966 Leonis,
962 931 995 942 —
1021 933 1058 942 —
1082 905 1177 959 Karlo-

53 989 171 1028 mannus
190 978 303 1028 Romam
321 978 456 1044 proiectus
476 987 525 1039 est,
545 979 643 1029 dicitur
661 980 848 1049 permansisse.
887 977 952 1029 ibid.

130 1049 164 1101 A.
184 1051 219 1103 D.
242 1051 303 1102 743.
323 1052 453 1118 Pippinus
473 1057 501 1102 et
518 1050 714 1103 Karlomaunus
733 1053 885 1119 principatu
904 1053 982 1119 potiti
1004 1079 1036 1089 -
1062 1080 1098 1092 -
1118 1052 1177 1103 Hil-

55 1121 165 1174 dericus
184 1138 232 1174 rex
250 1125 414 1175 Francorum
432 1140 546 1190 regnare
567 1126 647 1191 cepit.
684 1124 749 1176 ieie.
764 1141 796 1189 p.
819 1125 870 1174 159
890 1125 927 1177 in.

131 1195 165 1246 A.
185 1198 220 1248 D.
243 1197 304 1248 744.
323 1196 519 1250 Karlomannus
540 1204 566 1248 et
579 1199 708 1265 Pippinus
722 1200 820 1248 iunctis
840 1201 925 1266 copiis
944 1223 980 1235 -
1000 1226 1034 1236 -
1053 1200 1081 1249 15
1100 1197 1177 1250 dedi·

56 1269 163 1319 cionem
184 1271 298 1340 accepit.
335 1270 437 1323 ekkeh.

131 1343 164 1392 A.
185 1343 220 1394 D.
241 1345 301 1392 745.
328 1345 427 1395 lterum
446 1343 641 1395 Karlomannus
669 1351 695 1396 et
713 1346 849 1412 Pyppinns
870 1373 903 1382 -
926 1373 957 1383 -
978 1344 1093 1397 Iniciam
1112 1344 1176 1396 Ful-

57 1414 149 1466 dcnsis
168 1418 330 1467 monasterii.
367 1417 432 1468 ibid.

132 1490 165 1539 A.
186 1490 220 1540 D.
244 1490 303 1538 746.
329 1491 525 1542 Karlomannus
544 1492 673 1556 patefecit
690 1491 764 1542 fratri
784 1507 832 1543 suo
852 1519 886 1528 -
905 1519 942 1528 —
962 1491 1076 1558 qualiter
1100 1491 1176 1543 iilum

56 1561 205 1612 honorifice
226 1562 380 1617 dimitteret.
415 1561 480 1616 ieie.
496 1581 527 1628 p.
540 1564 601 1614 159.

130 1635 164 1687 A.
184 1637 219 1686 D.
241 1635 301 1686 748.
319 1637 515 1688 Karlomannus
541 1637 630 1688 divino
650 1653 795 1688 succensus
815 1654 904 1688 amore
923 1639 1035 1690 Romam
1054 1638 1177 1698 tendens,

55 1708 190 1759 Zacharia
210 1725 279 1775 pape
299 1726 328 1760 se
348 1709 452 1773 obtulit,
472 1716 499 1760 et
517 1711 550 1760 ab
571 1727 603 1761 eo
624 1711 738 1762 clericus
756 1712 852 1772 factus,
890 1711 990 1764 nesea

130 1783 158 1832 in
178 1782 290 1850 Serapte
310 1789 399 1834 monto
419 1785 607 1834 monasterium
628 1783 764 1835 edificavit
777 1811 810 1822 —
826 1811 859 1822 -
876 1786 912 1835 ad
933 1787 1067 1836 cronicam
1087 1800 1177 1836 rever·

55 1859 152 1905 tamur.
191 1854 257 1906 Rc.

128 1928 161 1979 A.
176 1929 212 1980 D.
229 1874 290 1980 748.
311 1928 393 1994 cryso
411 1929 486 1980 fratri
505 1945 553 1981 sno
573 1929 709 1981 subiectus
723 1947 781 2000 esse
795 1929 888 1982 nolens
910 1957 941 1965 —
964 1957 996 1966 —-
1019 1933 1065 1996 qui
1079 1932 1178 1982 dicitnr

57 2001 234 2068 Scahaningi.
272 2000 372 2053 Enseu
539 2002 541 2005 ’

129 2076 163 2125 A.
183 2076 218 2126 D.
241 2075 302 2126 749.
332 2075 414 2140 Gryfo
444 2075 578 2126 Saxonum
608 2075 671 2126 fidei
701 2074 825 2126 diffidens
854 2103 888 2112 -
918 2103 952 2112 -
983 2075 1077 2126 eodem
1107 2093 1177 2127 anno

57 2148 90 2197 ad
110 2148 271 2198 waifarium
290 2149 433 2214 Aquitanis
454 2149 549 2199 ducem
569 2150 694 2215 profugit.
732 2149 797 2200 inid.

130 2221 163 2270 A.
184 2222 220 2272 D.
242 2221 302 2276 751,
323 2223 437 2272 Sanctus
455 2222 625 2274 Burchardus
645 2224 751 2287 accepit
773 2221 957 2289 pontificatum
977 2223 1176 2288 wirziburgen-

56 2309 113 2344 sem
134 2322 168 2330 -
190 2321 223 2331 —
243 2295 385 2360 Pippinum
404 2310 496 2360 regem
516 2297 641 2347 constitui
659 2297 745 2346 iussit.
783 2295 847 2346 ibid.

130 2366 164 2417 A.
184 2368 219 2418 D.
241 2367 303 2417 752.
321 2369 450 2435 Pippinus
476 2384 524 2435 per
543 2371 729 2419 auctoritatem
748 2369 877 2419 Zacharie
904 2384 973 2435 pape
995 2395 1028 2405 -
1048 2395 1083 2404 -
1104 2369 1175 2434 quod

57 2442 83 2490 in
103 2441 252 2491 Romanam
272 2442 363 2491 urbem
384 2441 524 2492 transtulit.
563 2440 627 2492 ibid.
798 2451 799 2454 ’

129 2516 163 2564 A.
182 2515 217 2563 D.
241 2514 301 2563 753.
322 2514 473 2581 Stephanus
489 2515 527 2567 II.
548 2531 619 2581 papa
638 2515 680 2566 95.
701 2516 772 2566 sedit
790 2517 866 2566 annis
880 2515 905 2574 5,
927 2514 1021 2566 diebus
1038 2515 1081 2565 28.
1109 2512 1176 2567 ieie.

130 2586 165 2638 A.
186 2588 221 2637 D.
243 2587 302 2638 754.
321 2589 450 2654 Pippinus
469 2604 514 2637 rex
541 2605 600 2639 cum
620 2591 738 2639 exercitu
758 2605 854 2653 magno
875 2615 908 2624 -
927 2616 965 2624 -
989 2595 1066 2640 tonso
1087 2591 1176 2655 capite

57 2660 85 2708 in
104 2661 294 2711 monasterium
315 2663 409 2713 missus
430 2668 478 2712 est.
516 2658 581 2712 ibid.

130 2733 163 2785 A.
182 2734 217 2784 D.
239 2734 300 2783 755.
319 2736 448 2801 Pippinus
467 2751 515 2784 rex
528 2761 562 2770 -
580 2762 612 2772 --
628 2735 742 2785 Sanctus
756 2735 917 2785 Bonefacins
930 2750 1024 2800 passus
1039 2741 1086 2785 est.
1111 2735 1177 2788 ibid.

130 2807 163 2858 A.
183 2807 218 2857 D.
240 2807 300 2859 756.
320 2807 496 2874 Haistulphus
516 2824 562 2859 rex
581 2808 818 2872 Longobardornm
838 2835 874 2844 —-
893 2836 927 2844 -
949 2808 998 2858 Oui
1018 2808 1177 2859 Desiderius

58 2881 197 2950 successit.
235 2877 301 2930 ibid.

130 2954 164 3003 A.
183 2954 219 3004 D.
240 2951 301 3002 757.
323 2952 512 3004 Constantinus
531 2956 675 3021 imperator
694 2955 766 3006 misit
777 2955 891 3020 Pippino
910 2981 947 2990 —
963 2980 993 2990 -
1016 2970 1075 3004 cum
1092 2954 1176 3004 omni·

56 3025 107 3076 bus
126 3026 355 3091 primatibus'suis
375 3025 497 3077 firmavit.
534 3025 600 3078 itin.

130 3100 163 3149 A.
177 3100 212 3149 D.
228 3097 289 3149 758.
309 3100 438 3165 Pippinus
451 3116 499 3150 rex
513 3115 572 3150 cum
588 3102 707 3151 exercitu
721 3100 863 3152 Saxoniam
878 3115 1019 3166 aggressus
1034 3105 1122 3150 est-
1138 3127 1176 3135 -

56 3170 158 3223 Paulus
176 3186 247 3238 papa
266 3172 311 3223 96.
331 3171 401 3222 sedit
420 3189 504 3224 annos
526 3173 568 3226 10.
606 3173 671 3225 ibid.

129 3245 164 3296 A.
183 3246 218 3295 D.
241 3245 301 3296 759.
320 3245 405 3296 Ν5155
425 3248 595 3316 551Ρ155155
615 3249 672 3313 regi
692 3245 762 3297 filius
782 3271 816 3282 -
836 3273 872 3282 -
892 3246 917 3294 3.
931 3251 991 3311 post
1006 3245 1175 3294 nativitatem

56 3332 131 3367 suam
152 3333 221 3369 anno
242 3317 368 3369 decessit.
404 3317 469 3370 ibid.

129 3391 162 3442 A.
178 3392 214 3441 D.
236 3391 297 3442 760.
317 3391 462 3443 Waifarius
489 3393 542 3443 dux
560 3393 705 3458 Aquitanis
724 3418 757 3427 -
776 3407 880 3459 -que
901 3390 999 3440 dicitur
1018 3390 1093 3441 Stein
1112 3390 1175 3440 reli·

56 3469 135 3530 gatus
155 3465 281 3530 migravit
299 3466 334 3516 ad
353 3466 508 3516 Dominum.
546 3464 627 3523 ieter,

129 3536 162 3588 A.
182 3538 218 3587 D.
240 3538 301 3590 761.
320 3539 487 3589 Waifarius⁸
504 3539 572 3590 licet
590 3539 697 3590 obsides
719 3537 838 3588 dedisset
863 3563 896 3573 -
927 3563 955 3572 -
985 3540 1046 3602 post
1072 3537 1175 3587 obitum

54 3610 139 3676 patris
160 3613 245 3662 omnis
263 3612 369 3677 imperii
388 3627 491 3662 summa
510 3614 641 3678 pervenit.
679 3609 745 3662 ieie.

129 3683 162 3734 A.
182 3685 217 3734 D.
239 3684 301 3734 762.
320 3685 449 3750 Pippinus
468 3701 515 3735 rex
534 3689 659 3751 suscepto
679 3699 695 3733 a
714 3700 743 3735 se
762 3682 835 3733 bello
853 3681 933 3732 finem
959 3709 989 3719 -
1012 3709 1045 3718 -
1066 3683 1178 3748 hyema-

55 3757 147 3822 vitque
166 3758 195 3806 in
213 3756 279 3807 villa
298 3757 459 3809 Gentiliaco.
496 3758 561 3808 ibid.

128 3828 161 3880 A.
182 3831 216 3880 D.
238 3830 299 3883 763.
319 3831 463 3897 Pyppinus,
484 3833 576 3882 habito
598 3835 730 3882 conventu
749 3830 775 3879 in
795 3829 927 3890 Nivernis,
948 3853 980 3862 -
1001 3854 1036 3864 —
1062 3829 1090 3877 in
1107 3828 1177 3879 villa

56 3902 192 3967 Longlare
211 3903 356 3968 hyemavit.
393 3901 458 3953 ibid.

128 3976 161 4027 A.
175 3977 211 4026 D.
226 3978 288 4038 764.
307 3978 364 4027 Rex
378 3977 516 4043 Pippinus,
537 3976 662 4027 distracto
676 3977 703 4025 in
717 3976 822 4025 diversa
835 3974 932 4032 animo,
946 4000 980 4008 -
996 3999 1028 4008 -
1042 3973 1089 4023 illo
1104 3989 1176 4024 anno

55 4048 179 4100 sodomi
204 4051 340 4099 continuit.
379 4049 444 4100 ieie.

129 4124 162 4173 A.
177 4123 212 4173 D.
234 4123 295 4173 765.
314 4123 443 4189 Pippinus
464 4122 616 4187 generalem
638 4127 797 4172 conventum
815 4120 842 4169 15
858 4119 982 4169 Atiniaco
995 4119 1061 4168 villa
1080 4119 1178 4170 habuit

56 4222 89 4232 -
114 4220 144 4230 -
166 4195 275 4246 Nazarii
295 4195 328 4245 de
347 4196 433 4247 Roma
451 4194 580 4246 translata
598 4200 659 4246 sunt
678 4196 705 4243 iu
724 4194 874 4243 Franciam.
914 4189 978 4241 ibid.

131 538 165 589 A.

131 612 164 663 A.

54 4362 78 4415 a)
93 4362 209 4405 Witarius
225 4363 273 4405 Bl.
