2820 4838
145 297 177 346 16
410 293 596 346 CHRONIOA
615 293 727 346 RBGIA
747 294 1000 349 COLONIBNSIS.

216 469 248 522 A.
262 471 297 519 D.
313 467 374 518 766.
394 469 473 518 Turci
493 469 594 533 egressi
614 484 630 517 a
651 467 756 534 Caspiis
772 472 855 536 portis
870 494 902 506 -
920 495 950 506 -
966 470 995 520 iu
1008 471 1132 522 Biturica
1153 472 1250 522 civitate

143 544 259 611 presidio
278 541 437 608 regreditur.
474 540 574 592 uitet.

215 616 249 666 A.
267 617 302 667 D.
324 615 384 666 767.
409 616 475 666 Orta
494 615 633 679 questione
654 616 688 665 de
707 620 802 666 sancta
815 616 944 666 Trinitate
965 643 998 652 -
1020 643 1053 654 -
1076 619 1220 670 exercitum
1230 619 1251 667 in

96 706 100 711 ’
143 690 262 756 hyberna
282 689 390 739 dimisit.
428 685 494 738 ibid.

217 764 248 813 A.
262 763 297 812 D.
313 759 374 811 768.
393 760 521 827 Pippinus
539 763 567 810 in
585 762 752 811 Biturica-
768 789 801 798 —
816 777 845 812 se
860 761 979 814 contulit.
1016 762 1052 813 Bt
1066 762 1251 815 Karlomannus

143 835 251 902 quidem
268 862 300 872 -
315 849 412 900 —per
431 835 571 884 continuos
591 834 626 883 30
646 849 730 885 annos
749 836 901 899 gerebatur.
939 834 1040 886 Eitea
1059 852 1088 901 p.
1105 836 1212 897 161‚es.
1226 863 1251 873 -

143 909 264 959 Tandem
277 907 378 958 bellum
391 922 439 972 per
452 913 491 956 tot
501 922 584 957 annos
597 934 629 944 -
641 933 674 943 —
687 907 786 958 bellum
800 914 951 977 susceptum
962 914 1011 959 est.
1039 907 1105 960 ibic.
1113 926 1143 974 p.
1157 910 1252 974 162‚tt.

143 984 204 1033 Hec
224 987 285 1032 sunt
304 978 376 1030 bella
390 1005 423 1014 -
438 1006 471 1015 -
487 979 636 1046 complures
655 980 690 1030 ad
711 996 769 1031 cum
785 981 878 1031 misere
891 981 1006 1047 legatos.
1037 980 1104 1033 ibid.
1112 1000 1146 1048 p.
1159 985 1254 1047 164,ss.

144 1056 197 1106 Hic
218 1057 298 1106 etiam
318 1054 430 1103 Romam
449 1053 559 1104 veniens
574 1079 607 1090 —
627 1079 662 1090 -
683 1069 715 1102 ac
734 1069 873 1120 perperam
893 1053 998 1119 prolata
1017 1057 1161 1120 corrigere.
1198 1055 1254 1107 itti.

144 1127 191 1180 tin.
205 1138 242 1179 43.
282 1127 406 1178 Omnium
426 1127 562 1176 nationum
577 1153 610 1163 -
627 1127 814 1195 -pecuniam
829 1128 932 1176 mittere
946 1127 1059 1179 solebat.
1091 1127 1158 1180 itit.
1169 1129 1254 1181 lium.

105 1222 109 1229 ·
144 1202 312 1266 Religionem
333 1199 504 1303 ghristianam
524 1225 556 1234 -
580 1201 735 1264 -privato
756 1200 848 1250 babitu
867 1201 1016 1251 ministrare
1035 1217 1148 1253 necesse
1161 1203 1255 1255 fuisset.

144 1274 207 1327 ibid.
229 1272 274 1325 lin.
295 1281 330 1322 60.

336 1409 504 1474 Oronica
526 1433 545 1474 a
566 1420 742 1498 tempore
764 1411 900 1479 Karoli
922 1412 1066 1496 Magni.

218 1503 250 1552 A.
270 1503 296 1552 d.
316 1506 334 1553 i.
355 1502 415 1551 769.
435 1500 549 1552 Karolus
562 1503 684 1568 Magnus,
703 1503 812 1569 Pippini
824 1502 894 1554 filius
916 1529 947 1539 -
970 1529 1003 1538 -
1024 1504 1059 1553 43
1073 1503 1146 1556 solus
1161 1510 1258 1572 postea.

147 1575 228 1626 Cuius
242 1591 311 1626 anno
331 1575 415 1641 primo
432 1603 464 1611 —
480 1603 512 1612 —
528 1591 587 1626 cum
607 1582 664 1627 totu
677 1577 822 1627 Wasconia
840 1577 892 1627 sibi
905 1577 1047 1627 obediente
1061 1593 1200 1644 regressus
1216 1584 1259 1630 est.

144 1647 210 1700 ibid.

219 1722 251 1774 Δ.
264 1723 297 1773 D.
315 1721 375 1772 770.
394 1721 508 1773 Karolus
528 1737 576 1771 rex
594 1723 688 1772 babuit
706 1723 860 1788 generalem
880 1728 1039 1775 conventum
1056 1751 1089 1785 ·.·
1102 1725 1180 1774 —in
1194 1725 1260 1776 basi·

146 1796 200 1846 lica
219 1797 307 1847 sancti
327 1794 400 1846 Galli
419 1795 556 1861 sepelitur.
595 1793 660 1846 ibid.

218 1869 251 1919 A.
265 1870 299 1921 D.
316 1869 376 1918 771.
397 1868 592 1919 Karlomannus
611 1870 639 1919 in
658 1867 771 1919 vilia-
789 1896 817 1906 -
836 1876 912 1937 parte
929 1870 1084 1936 optimatum
1099 1869 1135 1920 ad
1149 1871 1261 1922 Ytaliam

146 1943 266 2010 profecta
286 1948 334 1994 est.
372 1940 435 1992 ibid.

219 2017 252 2067 A.
270 2018 306 2066 D.
329 2016 410 2065 772.11
436 2015 493 2064 Rex
516 2014 638 2075 Karolus,
663 2020 825 2080 congregato
845 2017 996 2068 Wormacic
1023 2043 1057 2054 -
1083 2043 1120 2054 -
1145 2018 1262 2084 acceptis

146 2107 163 2140 a
183 2091 332 2142 Saxouibus
355 2088 387 2137 12
407 2086 545 2138 obsidibus
565 2089 684 2138 recessit.
722 2087 787 2138 ibid.

219 2164 251 2212 A.
271 2164 305 2212 D.
328 2163 389 2211 773.
410 2160 544 2211 Adrianus
563 2176 634 2227 papa
655 2176 714 2211 cnm
733 2159 903 2212 insolentiam
923 2161 1059 2212 Desiderii
1075 2189 1107 2198 -
1123 2189 1156 2200 -—
1174 2163 1262 2228 ibique

146 2239 173 2286 in
192 2237 347 2303 patriciatus
368 2234 467 2284 honore
486 2235 569 2283 vitam
588 2234 681 2284 finivit.
718 2232 782 2284 itia.

220 2310 252 2359 A.
271 2310 306 2358 D.
329 2307 390 2356 774.
421 2305 535 2356 Karalus
555 2308 661 2358 domum
681 2322 819 2372 regressus
845 2334 877 2344 -
903 2333 940 2344 -
966 2323 1026 2358 cum
1052 2309 1157 2374 ingenti
1182 2307 1264 2374 preda

147 2383 262 2448 regressi
281 2385 349 2431 sunt.
388 2378 453 2428 ibid.

220 2455 252 2504 A.
271 2454 305 2504 D.
327 2451 388 2501 776.
408 2451 522 2502 Karolus
541 2467 587 2502 rex
608 2452 719 2504 consilio
739 2453 831 2503 habito
844 2481 880 2490 —
895 2453 1123 2505 -ecclesiarum
1142 2453 1264 2520 legisque

149 2526 298 2578 destructor
317 2525 392 2575 obiit.
430 2521 494 2574 ibid.

222 2600 255 2649 A.
275 2598 301 2647 d.
321 2601 339 2648 i.
361 2597 422 2656 776,
442 2597 475 2648 U.
495 2613 557 2648 vero
578 2613 600 2648 c.
619 2599 697 2650 1677.
717 2599 783 2663 Leo,
802 2598 873 2650 filius
887 2599 1065 2660 Constantini,
1081 2627 1112 2637 -
1125 2602 1265 2652 -iterum

148 2673 290 2723 Franciam
310 2686 447 2736 regressus
467 2676 515 2721 est.

221 2747 252 2796 Α.
273 2746 308 2795 D.
330 2745 390 2795 777.
410 2742 525 2795 Karolus
544 2760 590 2795 rex
610 2744 701 2797 habito
722 2745 834 2797 consilio
853 2747 881 2797 in
902 2745 964 2797 loco
986 2772 1016 2783 -
1037 2770 1074 2781 -
1094 2745 1264 2799 christianam

147 2819 205 2872 fore
224 2820 390 2886 promiserat.
428 2815 493 2869 ibid.

544 2944 706 2996 Recensio
726 2946 793 2996 cod.
814 2943 871 2997 01.

222 3037 255 3089 A.
268 3038 302 3088 Ι).
318 3037 379 3087 768,
401 3037 655 3088 Constantinus
675 3037 719 3088 fit
737 3053 830 3104 papa.
862 3039 991 3103 Pippinus
1010 3038 1036 3087 in
1054 3038 1176 3089 Biturica
1194 3045 1266 3091 nata·

148 3110 201 3161 lem
231 3111 341 3160 Domini
369 3109 515 3160 celebravit
542 3136 577 3145 —
607 3137 638 3146 -
670 3112 786 3161 omnium
814 3111 977 3161 Francorum
1011 3126 1058 3161 rex
1091 3114 1266 3164 constituitur.

149 3185 202 3245 Qui
222 3200 283 3234 mcx
302 3183 401 3234 bellum
422 3183 609 3248 Aquitanicum
630 3199 646 3232 a
664 3189 739 3250 patre
758 3183 912 3234 inchoatum
928 3209 961 3219 -
975 3210 1009 3220 --
1025 3199 1084 3234 cum
1104 3184 1198 3236 liberis
1214 3187 1267 3236 suis

149 3273 179 3308 se
203 3256 322 3308 contulit.
361 3254 462 3306 Eitea.

222 3331 256 3380 A.
277 3330 311 3379 D.
333 3329 393 3379 769.
414 3335 477 3393 post
503 3327 576 3379 solus
602 3333 697 3395 postea
723 3329 801 3380 add:
827 3329 880 3379 Hic
907 3332 967 3395 post
993 3329 1094 3380 obitum
1120 3332 1203 3396 patris
1229 3331 1268 3382 sui

150 3403 355 3468 Aquisgraniam
375 3402 519 3469 profectus,
538 3404 707 3453 nativitatem
723 3403 833 3452 Domini
851 3403 890 3453 ibi
910 3401 1065 3465 celebravit,
1085 3404 1188 3469 pascha
1205 3419 1267 3454 vero

150 3477 178 3525 iu
196 3478 365 3541 Rothomago
385 3477 503 3525 civitate.
542 3474 641 3526 ittet.
657 3491 688 3540 p.
711 3475 771 3527 161.
809 3475 845 3527 m
862 3473 892 3525 ia
903 3476 974 3540 flue:
1002 3476 1203 3542 Stephanus
1229 3477 1269 3527 fit

150 3564 249 3615 papa

223 3621 256 3673 A.
276 3623 311 3673 D.
332 3622 394 3672 771.
417 3620 447 3671 iu
458 3621 515 3686 fisce
541 3621 620 3673 auc:
645 3622 732 3686 Igitur
756 3621 871 3673 Kerolus
892 3621 1016 3687 Magnus,
1043 3621 1171 3674 defuncto
1189 3622 1269 3673 fratre

151 3710 208 3753 suo,
231 3721 263 3732 -
285 3722 317 3731 -
338 3695 389 3744 hoc
410 3695 481 3760 quod
502 3693 608 3745 efficere
629 3695 787 3746 moliebatur
806 3694 928 3762 perfecit.
966 3694 1068 3746 Ethai.

225 3768 256 3817 A.
276 3768 311 3819 D.
333 3768 393 3817 772.
414 3768 590 3819 Adrianus
610 3768 651 3820 fit
670 3783 768 3835 papa.
805 3770 864 3820 Rex
882 3767 997 3819 Karalus
1012 3795 1043 3805 -·
1061 3795 1093 3805 -
1108 3770 1230 3821 recessit.

216 3927 244 3996 ²¹²)
264 3929 298 3981 Iu
324 3931 399 3982 codd.
419 3931 445 3981 Β
464 3933 487 3982 1.
508 3929 569 3982 02.
595 3928 718 4015 sequitur·
737 3931 830 4016 tubello
853 3932 1022 4017 qeneuloqiec
1048 3931 1210 4017 Karolorurn
1238 3947 1270 3984 ea

261 4002 1269 4145 117711.1.111..111171711717112111117171

262 4152 329 4201 tinet
348 4151 455 4201 cronica
475 4150 643 4216 Sibergensis
663 4151 777 4202 cenobii.

152 4296 175 4349 a)
190 4299 240 4339 771.
258 4299 306 4339 Bl.
