2820 4838
197 322 233 372 42
388 317 575 387 CHRONIOA
594 317 708 370 sauls
727 317 965 370 COLONIENSIS
984 317 1016 368 Α.
1039 318 1119 370 1106.

138 504 188 546 suc.
271 493 377 544 Delatis
395 493 477 558 igitur
496 507 585 543 coram
603 507 669 558 rege
689 493 845 558 cunctisque
864 495 944 543 totius
965 493 1124 544 Germaniae
1142 496 1311 561 optimatibus

199 573 225 620 et
243 566 393 634 presulibus
413 566 539 631 omnique
559 565 631 617 clero
651 564 730 617 simul
744 571 770 616 et
782 565 880 632 populo
896 566 1075 631 legationibus
1088 568 1231 621 Romanae
1244 571 1311 622 sedis

197 657 276 707 super
295 639 470 691 ecclesiarum
488 640 565 704 regni
584 641 661 690 istius
681 638 920 689 commaculatione
940 639 1046 691 diversa
1066 646 1093 691 et
1107 642 1269 708 inveterata,
1288 649 1311 694 et

198 720 307 766 econtra
334 711 521 764 emendatione
547 713 581 762 ab
610 713 740 763 universis
767 714 927 767 unanimiter
954 715 1099 778 promissa,
1128 714 1235 780 placuit
1261 723 1310 768 tam

196 789 254 854 regi
269 802 348 854 quam
367 785 526 852 primoribus
545 784 581 835 ad
606 790 726 837 sanctam
751 791 862 836 matrem
883 787 1031 837 Romanam
1057 785 1204 840 ecclesiam
1228 795 1310 842 tantos

196 877 229 911 ac
258 860 327 911 tales
352 875 368 909 a
392 859 513 925 partibus
536 860 595 909 istis
618 858 724 924 legatos
749 860 900 922 transmitti,
929 860 976 925 qui
1004 865 1030 910 et
1058 858 1092 910 de
1121 862 1238 914 obiectis
1265 865 1310 914 rite

195 935 326 985 rationem
355 932 468 983 reddere
497 937 524 981 at
551 930 586 981 de
609 933 719 982 incertis
742 934 877 997 sagaciter
901 933 1064 998 investigare
1092 949 1125 984 ac
1151 950 1201 1000 per
1227 938 1310 987 omnia

197 1006 357 1058 utilitatibus
376 1005 567 1056 ecclesiasticis
586 1006 720 1071 sapienter
740 1004 877 1056 consulere
896 1007 950 1056 sint
966 1005 1066 1056 idonei.
1105 1008 1270 1073 Separantur
1285 1011 1310 1059 in

197 1081 329 1146 hocopus
344 1080 394 1129 viri
413 1079 507 1144 spiritu
526 1079 674 1143 sapientiae
693 1078 775 1144 pleni,
795 1078 977 1144 dignitatibus,
991 1079 1126 1131 natalibus
1140 1087 1167 1132 et
1181 1081 1310 1148 elegantia

197 1169 246 1205 sen
266 1153 366 1203 divitiis
385 1152 505 1218 precipui
524 1148 651 1216 nullaque
670 1151 817 1202 secundnm
829 1153 917 1202 Deum
937 1153 994 1202 sive
1009 1152 1129 1204 seculum
1141 1157 1308 1206 veneratione

198 1225 315 1290 indigni:
340 1241 357 1274 a
378 1225 553 1289 Lothoringia
577 1225 666 1274 Bruno
693 1225 865 1288 Trevirsusis,
890 1240 907 1274 a
930 1225 1047 1276 Saxonis
1065 1226 1202 1279 Hauricua
1221 1229 1308 1279 Made·

197 1299 346 1364 burgensis,
366 1313 383 1347 a
395 1298 511 1347 Francia
524 1298 586 1350 Otto
601 1298 841 1363 Bavenbergensis,
861 1313 878 1348 a
892 1299 1019 1348 Baioaria
1036 1299 1233 1353 Everhardus³
1248 1303 1307 1352 Hei·

199 1373 333 1434 statensis,
357 1371 391 1421 ab
414 1369 564 1422 allemania
583 1370 757 1422 Gsvehardus
778 1371 998 1435 constantiensis,
1025 1388 1041 1422 a
1059 1373 1220 1438 Burgundio
1239 1375 1308 1426 Curi·

200 1447 280 1508 ensis,
299 1443 419 1496 nonnulli
439 1445 520 1495 etiam
540 1443 643 1494 nobiles
664 1443 697 1494 ds
716 1443 801 1496 latere
820 1446 891 1511 regis
909 1440 997 1495 laicae
1021 1444 1209 1512 professionis3
1233 1448 1308 1514 idque

112 1534 115 1539 ·
198 1520 268 1569 inter
286 1523 376 1569 cetera
395 1519 544 1583 suscipiunt
563 1519 591 1567 in
611 1517 751 1582 mandatis,
771 1523 808 1581 ut,
827 1519 851 1570 si
869 1517 927 1567 fieri
945 1519 1037 1583 possit,
1058 1519 1150 1570 domni
1174 1521 1309 1588 apostolici

198 1592 360 1658 presentiam
381 1590 524 1658 cisalpinis
543 1591 662 1658 partibus
681 1593 823 1659 impetrent
842 1591 970 1642 exhiberi.

199 1762 222 1815 a)
238 1764 371 1805 Barbardus
387 1765 430 1806 01.
1247 1732 1263 1761 ἱ
