<?xml version="1.0" encoding="UTF-8"?>
<!DOCTYPE html PUBLIC "-//W3C//DTD XHTML 1.0 Transitional//EN"
    "http://www.w3.org/TR/xhtml1/DTD/xhtml1-transitional.dtd">
<html xmlns="http://www.w3.org/1999/xhtml" xml:lang="en" lang="en">
 <head>
  <title>
</title>
<meta http-equiv="Content-Type" content="text/html;charset=utf-8" />
  <meta name='ocr-system' content='tesseract 3.04.00' />
  <meta name='ocr-capabilities' content='ocr_page ocr_carea ocr_par ocr_line ocrx_word'/>
</head>
<body>
  <div class='ocr_page' id='page_1' title='image "./chronicaregiaco00waitgoog_0284.png"; bbox 0 0 2820 4838; ppageno 0'>
   <div class='ocr_carea' id='block_1_1' title="bbox 230 357 1265 410">
    <p class='ocr_par' dir='ltr' id='par_1_1' title="bbox 230 357 1265 410">
     <span class='ocr_line' id='line_1_1' title="bbox 230 357 1265 410; baseline -0.002 0"><span class='ocrx_word' id='word_1_1' title='bbox 230 358 284 410; x_wconf 76' lang='lat'><strong>250</strong></span> <span class='ocrx_word' id='word_1_2' title='bbox 341 357 525 410; x_wconf 74' lang='lat' dir='ltr'><strong>ennomus</strong></span> <span class='ocrx_word' id='word_1_3' title='bbox 545 358 658 410; x_wconf 75' lang='lat' dir='ltr'><strong>naula</strong></span> <span class='ocrx_word' id='word_1_4' title='bbox 678 357 930 410; x_wconf 81' lang='lat' dir='ltr'><strong>COLONIENSIS.</strong></span> <span class='ocrx_word' id='word_1_5' title='bbox 951 357 1055 409; x_wconf 82' lang='lat' dir='ltr'><strong>CONT.</strong></span> <span class='ocrx_word' id='word_1_6' title='bbox 1066 357 1120 408; x_wconf 91' lang='lat'>111.</span> <span class='ocrx_word' id='word_1_7' title='bbox 1138 357 1170 408; x_wconf 78' lang='lat' dir='ltr'><strong>A.</strong></span> <span class='ocrx_word' id='word_1_8' title='bbox 1182 357 1265 408; x_wconf 81' lang='lat'>1219.</span> 
     </span>
    </p>
   </div>
   <div class='ocr_carea' id='block_1_2' title="bbox 625 529 947 582">
    <p class='ocr_par' dir='ltr' id='par_1_2' title="bbox 625 529 947 582">
     <span class='ocr_line' id='line_1_2' title="bbox 625 529 947 582; baseline -0.003 -1"><span class='ocrx_word' id='word_1_9' title='bbox 625 529 792 581; x_wconf 80' lang='lat' dir='ltr'><strong>Bcceueio</strong></span> <span class='ocrx_word' id='word_1_10' title='bbox 813 532 836 581; x_wconf 86' lang='lat' dir='ltr'><strong>I.</strong></span> <span class='ocrx_word' id='word_1_11' title='bbox 857 537 887 582; x_wconf 85' lang='lat' dir='ltr'><strong>et</strong></span> <span class='ocrx_word' id='word_1_12' title='bbox 905 529 947 581; x_wconf 91' lang='grc' dir='ltr'><strong>ΙΙ.</strong></span> 
     </span>
    </p>
   </div>
   <div class='ocr_carea' id='block_1_3' title="bbox 167 624 1349 834">
    <p class='ocr_par' dir='ltr' id='par_1_3' title="bbox 167 624 1349 834">
     <span class='ocr_line' id='line_1_3' title="bbox 167 624 1349 692; baseline 0.002 -20"><span class='ocrx_word' id='word_1_13' title='bbox 167 632 277 692; x_wconf 68' lang='lat' dir='ltr'><strong>ortuper</strong></span> <span class='ocrx_word' id='word_1_14' title='bbox 296 640 365 690; x_wconf 91' lang='lat' dir='ltr'><strong>quae</strong></span> <span class='ocrx_word' id='word_1_15' title='bbox 385 625 567 689; x_wconf 84' lang='lat' dir='ltr'><strong>negotiatores</strong></span> <span class='ocrx_word' id='word_1_16' title='bbox 580 624 787 674; x_wconf 77' lang='lat' dir='ltr'><strong>sarracenorum</strong></span> <span class='ocrx_word' id='word_1_17' title='bbox 809 629 835 672; x_wconf 88' lang='lat' dir='ltr'><strong>et</strong></span> <span class='ocrx_word' id='word_1_18' title='bbox 855 625 990 690; x_wconf 83' lang='lat' dir='ltr'><strong>peregrini</strong></span> <span class='ocrx_word' id='word_1_19' title='bbox 1009 624 1126 689; x_wconf 89' lang='lat' dir='ltr'><strong>ipsorum</strong></span> <span class='ocrx_word' id='word_1_20' title='bbox 1146 624 1274 674; x_wconf 88' lang='lat' dir='ltr'><strong>Meebam</strong></span> <span class='ocrx_word' id='word_1_21' title='bbox 1294 631 1349 674; x_wconf 90' lang='lat' dir='ltr'><strong>teu·</strong></span> 
     </span>
     <span class='ocr_line' id='line_1_4' title="bbox 231 697 1348 763; baseline -0.001 -14"><span class='ocrx_word' id='word_1_22' title='bbox 231 699 324 749; x_wconf 86' lang='lat' dir='ltr'><strong>dautes</strong></span> <span class='ocrx_word' id='word_1_23' title='bbox 352 697 396 747; x_wconf 86' lang='lat' dir='ltr'><strong>vel</strong></span> <span class='ocrx_word' id='word_1_24' title='bbox 425 699 458 747; x_wconf 89' lang='lat' dir='ltr'><strong>ab</strong></span> <span class='ocrx_word' id='word_1_25' title='bbox 481 713 513 747; x_wconf 93' lang='lat' dir='ltr'><strong>ea</strong></span> <span class='ocrx_word' id='word_1_26' title='bbox 538 701 703 748; x_wconf 88' lang='lat' dir='ltr'><strong>revertentes</strong></span> <span class='ocrx_word' id='word_1_27' title='bbox 729 698 843 748; x_wconf 85' lang='lat' dir='ltr'><strong>transire</strong></span> <span class='ocrx_word' id='word_1_28' title='bbox 870 697 971 758; x_wconf 88' lang='lat' dir='ltr'><strong>solent,</strong></span> <span class='ocrx_word' id='word_1_29' title='bbox 1003 700 1050 747; x_wconf 65' lang='lat' dir='ltr'><strong>eta</strong></span> <span class='ocrx_word' id='word_1_30' title='bbox 1078 698 1125 762; x_wconf 92' lang='lat' dir='ltr'><strong>qui</strong></span> <span class='ocrx_word' id='word_1_31' title='bbox 1148 697 1200 747; x_wconf 89' lang='lat' dir='ltr'><strong>bec</strong></span> <span class='ocrx_word' id='word_1_32' title='bbox 1225 703 1348 763; x_wconf 89' lang='lat' dir='ltr'><strong>potenter</strong></span> 
     </span>
     <span class='ocr_line' id='line_1_5' title="bbox 230 771 1349 834; baseline -0.002 -11"><span class='ocrx_word' id='word_1_33' title='bbox 230 773 359 832; x_wconf 87' lang='lat' dir='ltr'><strong>tenuerit,</strong></span> <span class='ocrx_word' id='word_1_34' title='bbox 385 771 531 822; x_wconf 76' lang='lat' dir='ltr'><strong>Ierusalem</strong></span> <span class='ocrx_word' id='word_1_35' title='bbox 559 786 618 820; x_wconf 86' lang='lat' dir='ltr'><strong>cum</strong></span> <span class='ocrx_word' id='word_1_36' title='bbox 638 771 754 820; x_wconf 86' lang='lat' dir='ltr'><strong>voluerit</strong></span> <span class='ocrx_word' id='word_1_37' title='bbox 777 771 895 834; x_wconf 82' lang='lat' dir='ltr'><strong>graviter</strong></span> <span class='ocrx_word' id='word_1_38' title='bbox 921 771 999 819; x_wconf 92' lang='lat' dir='ltr'><strong>nimis</strong></span> <span class='ocrx_word' id='word_1_39' title='bbox 1027 785 1085 820; x_wconf 86' lang='lat' dir='ltr'><strong>cum</strong></span> <span class='ocrx_word' id='word_1_40' title='bbox 1112 773 1184 834; x_wconf 82' lang='lat' dir='ltr'><strong>agris</strong></span> <span class='ocrx_word' id='word_1_41' title='bbox 1213 777 1240 820; x_wconf 85' lang='lat' dir='ltr'><strong>et</strong></span> <span class='ocrx_word' id='word_1_42' title='bbox 1265 772 1349 822; x_wconf 85' lang='lat' dir='ltr'><strong>vineis</strong></span> 
     </span>
    </p>
   </div>
   <div class='ocr_carea' id='block_1_4' title="bbox 228 836 1349 1089">
    <p class='ocr_par' dir='ltr' id='par_1_4' title="bbox 228 836 1349 1089">
     <span class='ocr_line' id='line_1_6' title="bbox 228 836 1349 920; baseline -0.001 -19"><span class='ocrx_word' id='word_1_43' title='bbox 228 851 318 902; x_wconf 83' lang='lat' dir='ltr'><strong>ledere</strong></span> <span class='ocrx_word' id='word_1_44' title='bbox 340 852 447 915; x_wconf 85' lang='lat' dir='ltr'><strong>poterit.</strong></span> <span class='ocrx_word' id='word_1_45' title='bbox 491 837 530 900; x_wconf 93' lang='lat' dir='ltr'><strong>In</strong></span> <span class='ocrx_word' id='word_1_46' title='bbox 552 836 612 900; x_wconf 88' lang='lat' dir='ltr'><strong>huc</strong></span> <span class='ocrx_word' id='word_1_47' title='bbox 628 836 757 901; x_wconf 88' lang='lat' dir='ltr'><strong>tandem</strong></span> <span class='ocrx_word' id='word_1_48' title='bbox 773 846 991 901; x_wconf 88' lang='lat' dir='ltr'><strong>convenerunt</strong></span> <span class='ocrx_word' id='word_1_49' title='bbox 1006 836 1126 917; x_wconf 86' lang='lat' dir='ltr'><strong>fideles,</strong></span> <span class='ocrx_word' id='word_1_50' title='bbox 1150 846 1186 900; x_wconf 92' lang='lat' dir='ltr'><strong>ut</strong></span> <span class='ocrx_word' id='word_1_51' title='bbox 1208 839 1349 920; x_wconf 89' lang='lat' dir='ltr'><strong>primum</strong></span> 
     </span>
     <span class='ocr_line' id='line_1_7' title="bbox 230 919 1349 1006; baseline 0 -20"><span class='ocrx_word' id='word_1_52' title='bbox 230 923 343 986; x_wconf 88' lang='lat' dir='ltr'><strong>civitas</strong></span> <span class='ocrx_word' id='word_1_53' title='bbox 375 931 630 1006; x_wconf 83' lang='lat' dir='ltr'><strong>expugnaretur,</strong></span> <span class='ocrx_word' id='word_1_54' title='bbox 652 919 727 985; x_wconf 91' lang='lat' dir='ltr'><strong>licet</strong></span> <span class='ocrx_word' id='word_1_55' title='bbox 750 942 830 1005; x_wconf 92' lang='lat' dir='ltr'><strong>opus</strong></span> <span class='ocrx_word' id='word_1_56' title='bbox 860 941 957 984; x_wconf 88' lang='lat' dir='ltr'><strong>eausa</strong></span> <span class='ocrx_word' id='word_1_57' title='bbox 986 919 1182 986; x_wconf 84' lang='lat' dir='ltr'><strong>liberationis</strong></span> <span class='ocrx_word' id='word_1_58' title='bbox 1210 921 1349 986; x_wconf 82' lang='lat' dir='ltr'><strong>Sanctae</strong></span> 
     </span>
     <span class='ocr_line' id='line_1_8' title="bbox 230 1004 1349 1089; baseline 0 -19"><span class='ocrx_word' id='word_1_59' title='bbox 230 1006 347 1070; x_wconf 83' lang='lat' dir='ltr'><strong>Terrae</strong></span> <span class='ocrx_word' id='word_1_60' title='bbox 368 1005 464 1070; x_wconf 87' lang='lat' dir='ltr'><strong>fuerit</strong></span> <span class='ocrx_word' id='word_1_61' title='bbox 496 1004 691 1086; x_wconf 88' lang='lat' dir='ltr'><strong>inchoatum,</strong></span> <span class='ocrx_word' id='word_1_62' title='bbox 714 1015 745 1069; x_wconf 92' lang='lat' dir='ltr'><strong>et</strong></span> <span class='ocrx_word' id='word_1_63' title='bbox 778 1005 921 1067; x_wconf 90' lang='lat' dir='ltr'><strong>omnium</strong></span> <span class='ocrx_word' id='word_1_64' title='bbox 950 1006 1246 1089; x_wconf 84' lang='lat' dir='ltr'><strong>crucesignatorum</strong></span> <span class='ocrx_word' id='word_1_65' title='bbox 1278 1005 1349 1070; x_wconf 88' lang='lat' dir='ltr'><strong>talis</strong></span> 
     </span>
    </p>
   </div>
   <div class='ocr_carea' id='block_1_5' title="bbox 166 1089 1349 1168">
    <p class='ocr_par' dir='ltr' id='par_1_5' title="bbox 166 1089 1349 1168">
     <span class='ocr_line' id='line_1_9' title="bbox 166 1089 1349 1168; baseline -0.002 -13"><span class='ocrx_word' id='word_1_66' title='bbox 166 1115 219 1164; x_wconf 70' lang='lat' dir='ltr'><strong>otio,</strong></span> <span class='ocrx_word' id='word_1_67' title='bbox 229 1089 288 1154; x_wconf 88' lang='lat' dir='ltr'><strong>fuit</strong></span> <span class='ocrx_word' id='word_1_68' title='bbox 320 1089 484 1154; x_wconf 70' lang='lat' dir='ltr'><strong>intentiob.</strong></span> <span class='ocrx_word' id='word_1_69' title='bbox 527 1103 635 1152; x_wconf 87' lang='lat' dir='ltr'><strong>Interea</strong></span> <span class='ocrx_word' id='word_1_70' title='bbox 667 1101 794 1152; x_wconf 88' lang='lat' dir='ltr'><strong>soldanus</strong></span> <span class='ocrx_word' id='word_1_71' title='bbox 824 1100 968 1168; x_wconf 81' lang='lat' dir='ltr'><strong>magnam⁰</strong></span> <span class='ocrx_word' id='word_1_72' title='bbox 999 1102 1195 1153; x_wconf 85' lang='lat' dir='ltr'><strong>multitudinem</strong></span> <span class='ocrx_word' id='word_1_73' title='bbox 1228 1105 1349 1168; x_wconf 89' lang='lat' dir='ltr'><strong>peditum</strong></span> 
     </span>
    </p>
   </div>
   <div class='ocr_carea' id='block_1_6' title="bbox 132 1179 1349 1538">
    <p class='ocr_par' dir='ltr' id='par_1_6' title="bbox 132 1179 1349 1538">
     <span class='ocr_line' id='line_1_10' title="bbox 231 1179 1349 1246; baseline 0.001 -16"><span class='ocrx_word' id='word_1_74' title='bbox 231 1180 353 1230; x_wconf 87' lang='lat' dir='ltr'><strong>clanculo</strong></span> <span class='ocrx_word' id='word_1_75' title='bbox 383 1196 430 1246; x_wconf 88' lang='lat' dir='ltr'><strong>per</strong></span> <span class='ocrx_word' id='word_1_76' title='bbox 461 1179 522 1230; x_wconf 88' lang='lat' dir='ltr'><strong>loca</strong></span> <span class='ocrx_word' id='word_1_77' title='bbox 550 1179 680 1245; x_wconf 83' lang='lat' dir='ltr'><strong>palustria</strong></span> <span class='ocrx_word' id='word_1_78' title='bbox 708 1181 779 1230; x_wconf 82' lang='lat' dir='ltr'><strong>misit</strong></span> <span class='ocrx_word' id='word_1_79' title='bbox 804 1179 838 1229; x_wconf 86' lang='lat' dir='ltr'><strong>ad</strong></span> <span class='ocrx_word' id='word_1_80' title='bbox 865 1181 1010 1242; x_wconf 84' lang='lat' dir='ltr'><strong>civitatem,</strong></span> <span class='ocrx_word' id='word_1_81' title='bbox 1040 1196 1152 1245; x_wconf 91' lang='lat' dir='ltr'><strong>quorum</strong></span> <span class='ocrx_word' id='word_1_82' title='bbox 1179 1181 1291 1231; x_wconf 87' lang='lat' dir='ltr'><strong>ducenti</strong></span> <span class='ocrx_word' id='word_1_83' title='bbox 1315 1183 1349 1231; x_wconf 86' lang='lat'><strong>40</strong></span> 
     </span>
     <span class='ocr_line' id='line_1_11' title="bbox 132 1252 1348 1318; baseline -0.002 -12"><span class='ocrx_word' id='word_1_84' title='bbox 132 1266 187 1307; x_wconf 74' lang='lat' dir='ltr'><strong>Neo.</strong></span> <span class='ocrx_word' id='word_1_85' title='bbox 198 1265 220 1307; x_wconf 82' lang='lat' dir='ltr'><strong>t.</strong></span> <span class='ocrx_word' id='word_1_86' title='bbox 231 1254 381 1304; x_wconf 88' lang='lat' dir='ltr'><strong>christianis</strong></span> <span class='ocrx_word' id='word_1_87' title='bbox 401 1253 594 1303; x_wconf 87' lang='lat' dir='ltr'><strong>dormientibus</strong></span> <span class='ocrx_word' id='word_1_88' title='bbox 613 1253 720 1302; x_wconf 88' lang='lat' dir='ltr'><strong>fuerunt</strong></span> <span class='ocrx_word' id='word_1_89' title='bbox 738 1254 853 1318; x_wconf 84' lang='lat' dir='ltr'><strong>ingressi</strong></span> <span class='ocrx_word' id='word_1_90' title='bbox 879 1252 1015 1302; x_wconf 81' lang='lat' dir='ltr'><strong>dominica</strong></span> <span class='ocrx_word' id='word_1_91' title='bbox 1033 1260 1094 1318; x_wconf 91' lang='lat' dir='ltr'><strong>post</strong></span> <span class='ocrx_word' id='word_1_92' title='bbox 1112 1254 1210 1305; x_wconf 86' lang='lat' dir='ltr'><strong>festum</strong></span> <span class='ocrx_word' id='word_1_93' title='bbox 1232 1257 1348 1305; x_wconf 90' lang='lat' dir='ltr'><strong>omnium</strong></span> 
     </span>
     <span class='ocr_line' id='line_1_12' title="bbox 230 1326 1348 1394; baseline 0 -16"><span class='ocrx_word' id='word_1_94' title='bbox 230 1333 395 1388; x_wconf 66' lang='lat' dir='ltr'><strong>sanctornm</strong></span> <span class='ocrx_word' id='word_1_95' title='bbox 426 1326 535 1377; x_wconf 87' lang='lat' dir='ltr'><strong>tandem</strong></span> <span class='ocrx_word' id='word_1_96' title='bbox 568 1342 615 1391; x_wconf 89' lang='lat' dir='ltr'><strong>per</strong></span> <span class='ocrx_word' id='word_1_97' title='bbox 648 1326 790 1376; x_wconf 90' lang='lat' dir='ltr'><strong>clamorem</strong></span> <span class='ocrx_word' id='word_1_98' title='bbox 822 1327 933 1391; x_wconf 84' lang='lat' dir='ltr'><strong>vigilum</strong></span> <span class='ocrx_word' id='word_1_99' title='bbox 967 1328 1051 1376; x_wconf 88' lang='lat' dir='ltr'><strong>occisi</strong></span> <span class='ocrx_word' id='word_1_100' title='bbox 1084 1333 1146 1378; x_wconf 90' lang='lat' dir='ltr'><strong>sunt</strong></span> <span class='ocrx_word' id='word_1_101' title='bbox 1180 1329 1237 1377; x_wconf 85' lang='lat' dir='ltr'><strong>vel</strong></span> <span class='ocrx_word' id='word_1_102' title='bbox 1268 1329 1348 1394; x_wconf 85' lang='lat' dir='ltr'><strong>capti.</strong></span> 
     </span>
     <span class='ocr_line' id='line_1_13' title="bbox 134 1398 1348 1465; baseline 0.001 -16"><span class='ocrx_word' id='word_1_103' title='bbox 134 1398 218 1441; x_wconf 74' lang='lat' dir='ltr'><strong>Nov.5.</strong></span> <span class='ocrx_word' id='word_1_104' title='bbox 303 1400 415 1464; x_wconf 82' lang='lat' dir='ltr'><strong>Igitur</strong></span> <span class='ocrx_word' id='word_1_105' title='bbox 433 1400 502 1451; x_wconf 87' lang='lat' dir='ltr'><strong>Non.</strong></span> <span class='ocrx_word' id='word_1_106' title='bbox 522 1399 680 1450; x_wconf 91' lang='lat' dir='ltr'><strong>Novembris</strong></span> <span class='ocrx_word' id='word_1_107' title='bbox 701 1405 781 1464; x_wconf 87' lang='lat' dir='ltr'><strong>capta</strong></span> <span class='ocrx_word' id='word_1_108' title='bbox 801 1406 841 1450; x_wconf 90' lang='lat' dir='ltr'><strong>est</strong></span> <span class='ocrx_word' id='word_1_109' title='bbox 860 1401 989 1449; x_wconf 85' lang='lat' dir='ltr'><strong>Damiata</strong></span> <span class='ocrx_word' id='word_1_110' title='bbox 1008 1401 1111 1465; x_wconf 84' lang='lat' dir='ltr'><strong>absque</strong></span> <span class='ocrx_word' id='word_1_111' title='bbox 1133 1400 1273 1451; x_wconf 90' lang='lat' dir='ltr'><strong>deditione</strong></span> <span class='ocrx_word' id='word_1_112' title='bbox 1293 1403 1348 1452; x_wconf 89' lang='lat' dir='ltr'><strong>sine</strong></span> 
     </span>
     <span class='ocr_line' id='line_1_14' title="bbox 230 1472 1348 1538; baseline 0.002 -16"><span class='ocrx_word' id='word_1_113' title='bbox 230 1472 394 1535; x_wconf 86' lang='lat' dir='ltr'><strong>defensione,</strong></span> <span class='ocrx_word' id='word_1_114' title='bbox 420 1474 478 1523; x_wconf 91' lang='lat' dir='ltr'><strong>siue</strong></span> <span class='ocrx_word' id='word_1_115' title='bbox 498 1472 617 1523; x_wconf 89' lang='lat' dir='ltr'><strong>violenta</strong></span> <span class='ocrx_word' id='word_1_116' title='bbox 637 1473 829 1538; x_wconf 87' lang='lat' dir='ltr'><strong>depredatione</strong></span> <span class='ocrx_word' id='word_1_117' title='bbox 850 1489 910 1523; x_wconf 87' lang='lat' dir='ltr'><strong>cum</strong></span> <span class='ocrx_word' id='word_1_118' title='bbox 930 1473 1052 1532; x_wconf 90' lang='lat' dir='ltr'><strong>tumultu,</strong></span> <span class='ocrx_word' id='word_1_119' title='bbox 1078 1480 1107 1523; x_wconf 92' lang='lat' dir='ltr'><strong>ut</strong></span> <span class='ocrx_word' id='word_1_120' title='bbox 1133 1474 1184 1524; x_wconf 90' lang='lat' dir='ltr'><strong>soli</strong></span> <span class='ocrx_word' id='word_1_121' title='bbox 1204 1474 1276 1524; x_wconf 83' lang='lat' dir='ltr'><strong>Filio</strong></span> <span class='ocrx_word' id='word_1_122' title='bbox 1297 1475 1348 1524; x_wconf 90' lang='lat' dir='ltr'><strong>Dei</strong></span> 
     </span>
    </p>
   </div>
   <div class='ocr_carea' id='block_1_7' title="bbox 226 1540 1349 2381">
    <p class='ocr_par' dir='ltr' id='par_1_7' title="bbox 226 1540 1349 2381">
     <span class='ocr_line' id='line_1_15' title="bbox 229 1540 1348 1625; baseline 0.002 -23"><span class='ocrx_word' id='word_1_123' title='bbox 229 1552 376 1602; x_wconf 71' lang='lat' dir='ltr'><strong>menbatm·</strong></span> <span class='ocrx_word' id='word_1_124' title='bbox 398 1553 535 1602; x_wconf 82' lang='lat' dir='ltr'><strong>evidenter</strong></span> <span class='ocrx_word' id='word_1_125' title='bbox 556 1553 676 1602; x_wconf 79' lang='lat' dir='ltr'><strong>victoria.</strong></span> <span class='ocrx_word' id='word_1_126' title='bbox 721 1540 854 1625; x_wconf 89' lang='lat' dir='ltr'><strong>Itaque¹</strong></span> <span class='ocrx_word' id='word_1_127' title='bbox 877 1561 951 1603; x_wconf 90' lang='lat' dir='ltr'><strong>oum</strong></span> <span class='ocrx_word' id='word_1_128' title='bbox 980 1541 1083 1624; x_wconf 91' lang='lat' dir='ltr'><strong>primo</strong></span> <span class='ocrx_word' id='word_1_129' title='bbox 1114 1540 1282 1605; x_wconf 89' lang='lat' dir='ltr'><strong>civitatem</strong></span> <span class='ocrx_word' id='word_1_130' title='bbox 1304 1543 1348 1604; x_wconf 91' lang='lat' dir='ltr'><strong>in-</strong></span> 
     </span>
     <span class='ocr_line' id='line_1_16' title="bbox 228 1623 1348 1723; baseline 0.002 -37"><span class='ocrx_word' id='word_1_131' title='bbox 228 1632 373 1703; x_wconf 85' lang='lat' dir='ltr'><strong>trassent,</strong></span> <span class='ocrx_word' id='word_1_132' title='bbox 401 1623 472 1723; x_wconf 88' lang='lat' dir='ltr'><strong>plus</strong></span> <span class='ocrx_word' id='word_1_133' title='bbox 502 1645 598 1709; x_wconf 91' lang='lat' dir='ltr'><strong>quam</strong></span> <span class='ocrx_word' id='word_1_134' title='bbox 620 1624 681 1688; x_wconf 90' lang='lat' dir='ltr'><strong>tria</strong></span> <span class='ocrx_word' id='word_1_135' title='bbox 703 1623 791 1688; x_wconf 90' lang='lat' dir='ltr'><strong>milia</strong></span> <span class='ocrx_word' id='word_1_136' title='bbox 813 1632 1010 1690; x_wconf 88' lang='lat' dir='ltr'><strong>mortuorum</strong></span> <span class='ocrx_word' id='word_1_137' title='bbox 1033 1625 1230 1688; x_wconf 87' lang='lat' dir='ltr'><strong>invenerunt</strong></span> <span class='ocrx_word' id='word_1_138' title='bbox 1256 1626 1291 1688; x_wconf 90' lang='lat' dir='ltr'><strong>in</strong></span> <span class='ocrx_word' id='word_1_139' title='bbox 1312 1647 1348 1690; x_wconf 87' lang='lat' dir='ltr'><strong>ea</strong></span> 
     </span>
     <span class='ocr_line' id='line_1_17' title="bbox 228 1706 1348 1793; baseline 0.003 -23"><span class='ocrx_word' id='word_1_140' title='bbox 228 1728 316 1771; x_wconf 90' lang='lat' dir='ltr'><strong>more</strong></span> <span class='ocrx_word' id='word_1_141' title='bbox 339 1728 454 1770; x_wconf 88' lang='lat' dir='ltr'><strong>canum</strong></span> <span class='ocrx_word' id='word_1_142' title='bbox 472 1708 510 1770; x_wconf 89' lang='lat' dir='ltr'><strong>-in</strong></span> <span class='ocrx_word' id='word_1_143' title='bbox 526 1706 639 1791; x_wconf 90' lang='lat' dir='ltr'><strong>plateis</strong></span> <span class='ocrx_word' id='word_1_144' title='bbox 654 1706 831 1792; x_wconf 90' lang='lat' dir='ltr'><strong>insepultos</strong></span> <span class='ocrx_word' id='word_1_145' title='bbox 847 1708 962 1771; x_wconf 87' lang='lat' dir='ltr'><strong>iacere.</strong></span> <span class='ocrx_word' id='word_1_146' title='bbox 990 1706 1117 1793; x_wconf 88' lang='lat' dir='ltr'><strong>Reliqui</strong></span> <span class='ocrx_word' id='word_1_147' title='bbox 1133 1729 1247 1773; x_wconf 91' lang='lat' dir='ltr'><strong>omnes</strong></span> <span class='ocrx_word' id='word_1_148' title='bbox 1263 1710 1297 1772; x_wconf 91' lang='lat' dir='ltr'><strong>in</strong></span> <span class='ocrx_word' id='word_1_149' title='bbox 1312 1732 1348 1773; x_wconf 89' lang='lat' dir='ltr'><strong>ea</strong></span> 
     </span>
     <span class='ocr_line' id='line_1_18' title="bbox 228 1789 1348 1890; baseline 0.002 -36"><span class='ocrx_word' id='word_1_150' title='bbox 228 1789 350 1855; x_wconf 89' lang='lat' dir='ltr'><strong>debiles</strong></span> <span class='ocrx_word' id='word_1_151' title='bbox 361 1792 498 1855; x_wconf 87' lang='lat' dir='ltr'><strong>fuerunt.</strong></span> <span class='ocrx_word' id='word_1_152' title='bbox 514 1791 655 1873; x_wconf 75' lang='lat' dir='ltr'><strong>Quidam</strong></span> <span class='ocrx_word' id='word_1_153' title='bbox 668 1790 827 1890; x_wconf 79' lang='lat' dir='ltr'><strong>siquidem</strong></span> <span class='ocrx_word' id='word_1_154' title='bbox 839 1792 1003 1856; x_wconf 87' lang='lat' dir='ltr'><strong>christiani</strong></span> <span class='ocrx_word' id='word_1_155' title='bbox 1012 1794 1097 1855; x_wconf 88' lang='lat' dir='ltr'><strong>circa</strong></span> <span class='ocrx_word' id='word_1_156' title='bbox 1108 1792 1234 1857; x_wconf 90' lang='lat' dir='ltr'><strong>mediae</strong></span> <span class='ocrx_word' id='word_1_157' title='bbox 1245 1793 1348 1856; x_wconf 91' lang='lat' dir='ltr'><strong>noctis</strong></span> 
     </span>
     <span class='ocr_line' id='line_1_19' title="bbox 227 1874 1348 1961; baseline 0.003 -22"><span class='ocrx_word' id='word_1_158' title='bbox 227 1874 388 1939; x_wconf 89' lang='lat' dir='ltr'><strong>silentium</strong></span> <span class='ocrx_word' id='word_1_159' title='bbox 410 1875 552 1956; x_wconf 86' lang='lat' dir='ltr'><strong>consilio,</strong></span> <span class='ocrx_word' id='word_1_160' title='bbox 574 1888 609 1940; x_wconf 93' lang='lat' dir='ltr'><strong>ut</strong></span> <span class='ocrx_word' id='word_1_161' title='bbox 624 1874 792 1957; x_wconf 76' lang='lat' dir='ltr'><strong>credimus,</strong></span> <span class='ocrx_word' id='word_1_162' title='bbox 816 1876 1029 1961; x_wconf 87' lang='lat' dir='ltr'><strong>quorumdam</strong></span> <span class='ocrx_word' id='word_1_163' title='bbox 1052 1876 1091 1939; x_wconf 89' lang='lat' dir='ltr'><strong>de</strong></span> <span class='ocrx_word' id='word_1_164' title='bbox 1108 1876 1238 1940; x_wconf 85' lang='lat' dir='ltr'><strong>civitate</strong></span> <span class='ocrx_word' id='word_1_165' title='bbox 1254 1879 1348 1942; x_wconf 90' lang='lat' dir='ltr'><strong>intro·</strong></span> 
     </span>
     <span class='ocr_line' id='line_1_20' title="bbox 227 1959 1347 2044; baseline 0.002 -21"><span class='ocrx_word' id='word_1_166' title='bbox 227 1960 317 2023; x_wconf 91' lang='lat' dir='ltr'><strong>missi</strong></span> <span class='ocrx_word' id='word_1_167' title='bbox 331 1959 468 2039; x_wconf 86' lang='lat' dir='ltr'><strong>fuerunt,</strong></span> <span class='ocrx_word' id='word_1_168' title='bbox 491 1971 522 2025; x_wconf 90' lang='lat' dir='ltr'><strong>et</strong></span> <span class='ocrx_word' id='word_1_169' title='bbox 539 1960 664 2044; x_wconf 83' lang='lat' dir='ltr'><strong>legatus</strong></span> <span class='ocrx_word' id='word_1_170' title='bbox 683 1960 874 2023; x_wconf 88' lang='lat' dir='ltr'><strong>intromissis</strong></span> <span class='ocrx_word' id='word_1_171' title='bbox 896 1960 1016 2023; x_wconf 89' lang='lat' dir='ltr'><strong>nuntiis</strong></span> <span class='ocrx_word' id='word_1_172' title='bbox 1031 1969 1134 2024; x_wconf 87' lang='lat' dir='ltr'><strong>turres</strong></span> <span class='ocrx_word' id='word_1_173' title='bbox 1157 1971 1190 2025; x_wconf 91' lang='lat' dir='ltr'><strong>et</strong></span> <span class='ocrx_word' id='word_1_174' title='bbox 1204 1959 1347 2025; x_wconf 88' lang='lat' dir='ltr'><strong>homines</strong></span> 
     </span>
     <span class='ocr_line' id='line_1_21' title="bbox 226 2042 1347 2130; baseline 0.002 -23"><span class='ocrx_word' id='word_1_175' title='bbox 226 2042 368 2128; x_wconf 85' lang='lat' dir='ltr'><strong>perfidae</strong></span> <span class='ocrx_word' id='word_1_176' title='bbox 379 2045 484 2127; x_wconf 85' lang='lat' dir='ltr'><strong>gentis</strong></span> <span class='ocrx_word' id='word_1_177' title='bbox 494 2043 941 2130; x_wconf 84' lang='lat' dir='ltr'><strong>quamplurimoscaptivavit.</strong></span> <span class='ocrx_word' id='word_1_178' title='bbox 957 2043 1022 2106; x_wconf 83' lang='lat' dir='ltr'><strong>Alii</strong></span> <span class='ocrx_word' id='word_1_179' title='bbox 1033 2043 1126 2107; x_wconf 93' lang='lat' dir='ltr'><strong>multi</strong></span> <span class='ocrx_word' id='word_1_180' title='bbox 1137 2045 1347 2110; x_wconf 83' lang='lat' dir='ltr'><strong>ascendentes</strong></span> 
     </span>
     <span class='ocr_line' id='line_1_22' title="bbox 226 2127 1348 2214; baseline 0.004 -25"><span class='ocrx_word' id='word_1_181' title='bbox 226 2136 329 2190; x_wconf 88' lang='lat' dir='ltr'><strong>turres</strong></span> <span class='ocrx_word' id='word_1_182' title='bbox 342 2127 498 2210; x_wconf 84' lang='lat' dir='ltr'><strong>fortiores,</strong></span> <span class='ocrx_word' id='word_1_183' title='bbox 510 2149 643 2193; x_wconf 87' lang='lat' dir='ltr'><strong>aurorae</strong></span> <span class='ocrx_word' id='word_1_184' title='bbox 654 2128 759 2193; x_wconf 88' lang='lat' dir='ltr'><strong>lucem</strong></span> <span class='ocrx_word' id='word_1_185' title='bbox 770 2129 804 2191; x_wconf 93' lang='lat' dir='ltr'><strong>in</strong></span> <span class='ocrx_word' id='word_1_186' title='bbox 816 2130 862 2191; x_wconf 91' lang='lat' dir='ltr'><strong>eis</strong></span> <span class='ocrx_word' id='word_1_187' title='bbox 873 2127 1137 2214; x_wconf 88' lang='lat' dir='ltr'><strong>prestolabantur.</strong></span> <span class='ocrx_word' id='word_1_188' title='bbox 1160 2129 1288 2194; x_wconf 83' lang='lat' dir='ltr'><strong>Exorta</strong></span> <span class='ocrx_word' id='word_1_189' title='bbox 1309 2152 1348 2194; x_wconf 91' lang='lat' dir='ltr'><strong>ue</strong></span> 
     </span>
     <span class='ocr_line' id='line_1_23' title="bbox 227 2210 1348 2297; baseline 0.004 -24"><span class='ocrx_word' id='word_1_190' title='bbox 227 2210 298 2275; x_wconf 89' lang='lat' dir='ltr'><strong>luce</strong></span> <span class='ocrx_word' id='word_1_191' title='bbox 313 2211 479 2275; x_wconf 86' lang='lat' dir='ltr'><strong>Nonarum</strong></span> <span class='ocrx_word' id='word_1_192' title='bbox 494 2211 725 2276; x_wconf 89' lang='lat' dir='ltr'><strong>Novembrium</strong></span> <span class='ocrx_word' id='word_1_193' title='bbox 745 2234 856 2277; x_wconf 89' lang='lat' dir='ltr'><strong>omnes</strong></span> <span class='ocrx_word' id='word_1_194' title='bbox 878 2235 912 2276; x_wconf 89' lang='lat' dir='ltr'><strong>se</strong></span> <span class='ocrx_word' id='word_1_195' title='bbox 935 2212 1079 2297; x_wconf 87' lang='lat' dir='ltr'><strong>captivos</strong></span> <span class='ocrx_word' id='word_1_196' title='bbox 1096 2211 1270 2278; x_wconf 82' lang='lat' dir='ltr'><strong>Sarraceni</strong></span> <span class='ocrx_word' id='word_1_197' title='bbox 1317 2236 1348 2278; x_wconf 90' lang='lat' dir='ltr'><strong>a·</strong></span> 
     </span>
     <span class='ocr_line' id='line_1_24' title="bbox 227 2294 1349 2381; baseline 0.004 -23"><span class='ocrx_word' id='word_1_198' title='bbox 227 2296 343 2359; x_wconf 87' lang='lat' dir='ltr'><strong>miatae</strong></span> <span class='ocrx_word' id='word_1_199' title='bbox 363 2295 519 2361; x_wconf 84' lang='lat' dir='ltr'><strong>dederunt</strong></span> <span class='ocrx_word' id='word_1_200' title='bbox 539 2307 570 2361; x_wconf 85' lang='lat' dir='ltr'><strong>et</strong></span> <span class='ocrx_word' id='word_1_201' title='bbox 582 2296 743 2361; x_wconf 86' lang='lat' dir='ltr'><strong>civitatem</strong></span> <span class='ocrx_word' id='word_1_202' title='bbox 758 2294 897 2361; x_wconf 87' lang='lat' dir='ltr'><strong>totaliter</strong></span> <span class='ocrx_word' id='word_1_203' title='bbox 910 2296 944 2358; x_wconf 92' lang='lat' dir='ltr'><strong>in</strong></span> <span class='ocrx_word' id='word_1_204' title='bbox 958 2306 1149 2381; x_wconf 86' lang='lat' dir='ltr'><strong>potestatem</strong></span> <span class='ocrx_word' id='word_1_205' title='bbox 1164 2297 1349 2363; x_wconf 88' lang='lat' dir='ltr'><strong>christiano·</strong></span> 
     </span>
    </p>
   </div>
   <div class='ocr_carea' id='block_1_8' title="bbox 163 2380 1348 3122">
    <p class='ocr_par' dir='ltr' id='par_1_8' title="bbox 163 2380 1348 3122">
     <span class='ocr_line' id='line_1_25' title="bbox 163 2380 1347 2464; baseline 0 -20"><span class='ocrx_word' id='word_1_206' title='bbox 163 2402 219 2445; x_wconf 71' lang='lat' dir='ltr'><strong>ozee.</strong></span> <span class='ocrx_word' id='word_1_207' title='bbox 228 2401 308 2460; x_wconf 89' lang='lat' dir='ltr'><strong>rum,</strong></span> <span class='ocrx_word' id='word_1_208' title='bbox 322 2380 467 2464; x_wconf 87' lang='lat' dir='ltr'><strong>quamvis</strong></span> <span class='ocrx_word' id='word_1_209' title='bbox 482 2381 582 2463; x_wconf 87' lang='lat' dir='ltr'><strong>inviti,</strong></span> <span class='ocrx_word' id='word_1_210' title='bbox 599 2380 808 2445; x_wconf 87' lang='lat' dir='ltr'><strong>tradiderunt.</strong></span> <span class='ocrx_word' id='word_1_211' title='bbox 829 2394 865 2443; x_wconf 83' lang='lat' dir='ltr'><strong>Et</strong></span> <span class='ocrx_word' id='word_1_212' title='bbox 880 2409 941 2442; x_wconf 82' lang='lat' dir='ltr'><strong>cum</strong></span> <span class='ocrx_word' id='word_1_213' title='bbox 956 2398 1097 2458; x_wconf 81' lang='lat' dir='ltr'><strong>caperetur</strong></span> <span class='ocrx_word' id='word_1_214' title='bbox 1112 2394 1207 2445; x_wconf 82' lang='lat' dir='ltr'><strong>civitas</strong></span> <span class='ocrx_word' id='word_1_215' title='bbox 1221 2396 1251 2446; x_wconf 89' lang='lat' dir='ltr'><strong>in</strong></span> <span class='ocrx_word' id='word_1_216' title='bbox 1266 2395 1347 2446; x_wconf 80' lang='lat' dir='ltr'><strong>oeulis</strong></span> 
     </span>
     <span class='ocr_line' id='line_1_26' title="bbox 227 2470 1344 2535; baseline 0.002 -15"><span class='ocrx_word' id='word_1_217' title='bbox 227 2471 298 2535; x_wconf 85' lang='lat' dir='ltr'><strong>regis</strong></span> <span class='ocrx_word' id='word_1_218' title='bbox 318 2470 466 2535; x_wconf 88' lang='lat' dir='ltr'><strong>Babilonis‚</strong></span> <span class='ocrx_word' id='word_1_219' title='bbox 493 2487 566 2521; x_wconf 91' lang='lat' dir='ltr'><strong>more</strong></span> <span class='ocrx_word' id='word_1_220' title='bbox 592 2471 670 2521; x_wconf 89' lang='lat' dir='ltr'><strong>solito</strong></span> <span class='ocrx_word' id='word_1_221' title='bbox 695 2471 817 2521; x_wconf 85' lang='lat' dir='ltr'><strong>nonfuit</strong></span> <span class='ocrx_word' id='word_1_222' title='bbox 838 2488 918 2522; x_wconf 91' lang='lat' dir='ltr'><strong>ausus</strong></span> <span class='ocrx_word' id='word_1_223' title='bbox 939 2471 1040 2522; x_wconf 82' lang='lat' dir='ltr'><strong>Christi</strong></span> <span class='ocrx_word' id='word_1_224' title='bbox 1064 2471 1164 2523; x_wconf 88' lang='lat' dir='ltr'><strong>milites</strong></span> <span class='ocrx_word' id='word_1_225' title='bbox 1190 2473 1226 2522; x_wconf 90' lang='lat' dir='ltr'><strong>ad</strong></span> <span class='ocrx_word' id='word_1_226' title='bbox 1254 2473 1344 2523; x_wconf 80' lang='lat' dir='ltr'><strong>delen-</strong></span> 
     </span>
     <span class='ocr_line' id='line_1_27' title="bbox 226 2539 1343 2612; baseline 0.002 -20"><span class='ocrx_word' id='word_1_227' title='bbox 226 2544 329 2593; x_wconf 88' lang='lat' dir='ltr'><strong>sionem</strong></span> <span class='ocrx_word' id='word_1_228' title='bbox 348 2550 454 2609; x_wconf 86' lang='lat' dir='ltr'><strong>paratos</strong></span> <span class='ocrx_word' id='word_1_229' title='bbox 480 2561 527 2610; x_wconf 88' lang='lat' dir='ltr'><strong>per</strong></span> <span class='ocrx_word' id='word_1_230' title='bbox 541 2546 668 2596; x_wconf 87' lang='lat' dir='ltr'><strong>fossatum</strong></span> <span class='ocrx_word' id='word_1_231' title='bbox 695 2561 785 2595; x_wconf 89' lang='lat' dir='ltr'><strong>eorum</strong></span> <span class='ocrx_word' id='word_1_232' title='bbox 811 2539 956 2610; x_wconf 78' lang='lat' dir='ltr'><strong>aggredid.</strong></span> <span class='ocrx_word' id='word_1_233' title='bbox 993 2545 1097 2595; x_wconf 79' lang='lat' dir='ltr'><strong>Eodem</strong></span> <span class='ocrx_word' id='word_1_234' title='bbox 1123 2548 1204 2596; x_wconf 88' lang='lat' dir='ltr'><strong>etiam</strong></span> <span class='ocrx_word' id='word_1_235' title='bbox 1223 2551 1343 2612; x_wconf 90' lang='lat' dir='ltr'><strong>tempore</strong></span> 
     </span>
     <span class='ocr_line' id='line_1_28' title="bbox 226 2617 1345 2684; baseline 0.004 -18"><span class='ocrx_word' id='word_1_236' title='bbox 226 2617 322 2667; x_wconf 82' lang='lat' dir='ltr'><strong>fluvius</strong></span> <span class='ocrx_word' id='word_1_237' title='bbox 342 2619 469 2680; x_wconf 86' lang='lat' dir='ltr'><strong>excrevit,</strong></span> <span class='ocrx_word' id='word_1_238' title='bbox 487 2620 627 2669; x_wconf 88' lang='lat' dir='ltr'><strong>uberrimis</strong></span> <span class='ocrx_word' id='word_1_239' title='bbox 647 2619 723 2683; x_wconf 86' lang='lat' dir='ltr'><strong>aquis</strong></span> <span class='ocrx_word' id='word_1_240' title='bbox 742 2618 869 2669; x_wconf 85' lang='lat' dir='ltr'><strong>fossatum</strong></span> <span class='ocrx_word' id='word_1_241' title='bbox 889 2618 1013 2684; x_wconf 88' lang='lat' dir='ltr'><strong>impleus.</strong></span> <span class='ocrx_word' id='word_1_242' title='bbox 1053 2620 1115 2684; x_wconf 90' lang='lat' dir='ltr'><strong>Ipse</strong></span> <span class='ocrx_word' id='word_1_243' title='bbox 1134 2635 1199 2669; x_wconf 88' lang='lat' dir='ltr'><strong>vero</strong></span> <span class='ocrx_word' id='word_1_244' title='bbox 1220 2620 1345 2670; x_wconf 85' lang='lat' dir='ltr'><strong>confusus</strong></span> 
     </span>
     <span class='ocr_line' id='line_1_29' title="bbox 225 2691 1345 2757; baseline 0.004 -19"><span class='ocrx_word' id='word_1_245' title='bbox 225 2692 333 2756; x_wconf 87' lang='lat' dir='ltr'><strong>propria</strong></span> <span class='ocrx_word' id='word_1_246' title='bbox 350 2697 438 2741; x_wconf 84' lang='lat' dir='ltr'><strong>castra</strong></span> <span class='ocrx_word' id='word_1_247' title='bbox 458 2692 604 2742; x_wconf 87' lang='lat' dir='ltr'><strong>combussit</strong></span> <span class='ocrx_word' id='word_1_248' title='bbox 623 2697 650 2741; x_wconf 90' lang='lat' dir='ltr'><strong>et</strong></span> <span class='ocrx_word' id='word_1_249' title='bbox 668 2691 746 2757; x_wconf 81' lang='lat' dir='ltr'><strong>fugit.</strong></span> <span class='ocrx_word' id='word_1_250' title='bbox 784 2691 948 2743; x_wconf 84' lang='lat' dir='ltr'><strong>Invenerunt</strong></span> <span class='ocrx_word' id='word_1_251' title='bbox 973 2693 1077 2741; x_wconf 87' lang='lat' dir='ltr'><strong>etium</strong></span> <span class='ocrx_word' id='word_1_252' title='bbox 1103 2692 1131 2739; x_wconf 91' lang='lat' dir='ltr'><strong>in</strong></span> <span class='ocrx_word' id='word_1_253' title='bbox 1151 2708 1184 2740; x_wconf 92' lang='lat' dir='ltr'><strong>ea</strong></span> <span class='ocrx_word' id='word_1_254' title='bbox 1204 2708 1298 2743; x_wconf 88' lang='lat' dir='ltr'><strong>aurum</strong></span> <span class='ocrx_word' id='word_1_255' title='bbox 1319 2698 1345 2742; x_wconf 88' lang='lat' dir='ltr'><strong>et</strong></span> 
     </span>
     <span class='ocr_line' id='line_1_30' title="bbox 227 2765 1345 2831; baseline 0.004 -19"><span class='ocrx_word' id='word_1_256' title='bbox 227 2769 365 2828; x_wconf 82' lang='lat' dir='ltr'><strong>argentum</strong></span> <span class='ocrx_word' id='word_1_257' title='bbox 387 2765 497 2814; x_wconf 88' lang='lat' dir='ltr'><strong>multum</strong></span> <span class='ocrx_word' id='word_1_258' title='bbox 517 2765 605 2827; x_wconf 86' lang='lat' dir='ltr'><strong>nimis,</strong></span> <span class='ocrx_word' id='word_1_259' title='bbox 631 2781 734 2831; x_wconf 85' lang='lat' dir='ltr'><strong>pannos</strong></span> <span class='ocrx_word' id='word_1_260' title='bbox 754 2767 855 2816; x_wconf 89' lang='lat' dir='ltr'><strong>sericos</strong></span> <span class='ocrx_word' id='word_1_261' title='bbox 880 2766 1076 2829; x_wconf 82' lang='lat' dir='ltr'><strong>negotiatorum</strong></span> <span class='ocrx_word' id='word_1_262' title='bbox 1102 2765 1130 2812; x_wconf 89' lang='lat' dir='ltr'><strong>in</strong></span> <span class='ocrx_word' id='word_1_263' title='bbox 1149 2765 1345 2829; x_wconf 82' lang='lat' dir='ltr'><strong>habundantia,</strong></span> 
     </span>
     <span class='ocr_line' id='line_1_31' title="bbox 226 2836 1346 2906; baseline 0.004 -21"><span class='ocrx_word' id='word_1_264' title='bbox 226 2841 336 2886; x_wconf 74' lang='lat' dir='ltr'><strong>vestese</strong></span> <span class='ocrx_word' id='word_1_265' title='bbox 355 2839 492 2902; x_wconf 87' lang='lat' dir='ltr'><strong>preciosas</strong></span> <span class='ocrx_word' id='word_1_266' title='bbox 520 2843 685 2889; x_wconf 85' lang='lat' dir='ltr'><strong>stornatum</strong></span> <span class='ocrx_word' id='word_1_267' title='bbox 710 2838 795 2889; x_wconf 88' lang='lat' dir='ltr'><strong>seculi</strong></span> <span class='ocrx_word' id='word_1_268' title='bbox 815 2855 873 2888; x_wconf 90' lang='lat' dir='ltr'><strong>cum</strong></span> <span class='ocrx_word' id='word_1_269' title='bbox 894 2838 968 2888; x_wconf 81' lang='lat' dir='ltr'><strong>varia</strong></span> <span class='ocrx_word' id='word_1_270' title='bbox 992 2836 1174 2902; x_wconf 85' lang='lat' dir='ltr'><strong>suppellectili</strong></span> <span class='ocrx_word' id='word_1_271' title='bbox 1199 2841 1228 2888; x_wconf 89' lang='lat' dir='ltr'><strong>in</strong></span> <span class='ocrx_word' id='word_1_272' title='bbox 1255 2855 1346 2906; x_wconf 87' lang='lat' dir='ltr'><strong>super-</strong></span> 
     </span>
     <span class='ocr_line' id='line_1_32' title="bbox 226 2908 1347 2977; baseline 0.004 -18"><span class='ocrx_word' id='word_1_273' title='bbox 226 2908 419 2960; x_wconf 85' lang='lat' dir='ltr'><strong>habundantia.</strong></span> <span class='ocrx_word' id='word_1_274' title='bbox 456 2911 524 2960; x_wconf 88' lang='lat' dir='ltr'><strong>Nam</strong></span> <span class='ocrx_word' id='word_1_275' title='bbox 540 2916 627 2977; x_wconf 85' lang='lat' dir='ltr'><strong>preter</strong></span> <span class='ocrx_word' id='word_1_276' title='bbox 647 2927 702 2971; x_wconf 87' lang='lat' dir='ltr'><strong>eos,</strong></span> <span class='ocrx_word' id='word_1_277' title='bbox 722 2913 767 2976; x_wconf 90' lang='lat' dir='ltr'><strong>qui</strong></span> <span class='ocrx_word' id='word_1_278' title='bbox 780 2913 835 2961; x_wconf 87' lang='lat' dir='ltr'><strong>vivi</strong></span> <span class='ocrx_word' id='word_1_279' title='bbox 855 2910 1040 2976; x_wconf 85' lang='lat' dir='ltr'><strong>comprehensi</strong></span> <span class='ocrx_word' id='word_1_280' title='bbox 1059 2913 1166 2960; x_wconf 90' lang='lat' dir='ltr'><strong>suntin</strong></span> <span class='ocrx_word' id='word_1_281' title='bbox 1187 2927 1228 2974; x_wconf 85' lang='lat' dir='ltr'><strong>ea,</strong></span> <span class='ocrx_word' id='word_1_282' title='bbox 1250 2913 1347 2963; x_wconf 85' lang='lat' dir='ltr'><strong>mortni</strong></span> 
     </span>
     <span class='ocr_line' id='line_1_33' title="bbox 226 2983 1348 3049; baseline 0.004 -18"><span class='ocrx_word' id='word_1_283' title='bbox 226 2983 371 3047; x_wconf 89' lang='lat' dir='ltr'><strong>promiscui</strong></span> <span class='ocrx_word' id='word_1_284' title='bbox 396 2999 474 3034; x_wconf 84' lang='lat' dir='ltr'><strong>sexus</strong></span> <span class='ocrx_word' id='word_1_285' title='bbox 500 3000 516 3033; x_wconf 86' lang='lat' dir='ltr'><strong>a</strong></span> <span class='ocrx_word' id='word_1_286' title='bbox 541 2989 661 3049; x_wconf 89' lang='lat' dir='ltr'><strong>tempore</strong></span> <span class='ocrx_word' id='word_1_287' title='bbox 687 2983 835 3034; x_wconf 86' lang='lat' dir='ltr'><strong>obsidionis</strong></span> <span class='ocrx_word' id='word_1_288' title='bbox 861 2984 1022 3033; x_wconf 86' lang='lat' dir='ltr'><strong>incircuitu</strong></span> <span class='ocrx_word' id='word_1_289' title='bbox 1048 2990 1236 3048; x_wconf 87' lang='lat' dir='ltr'><strong>computantur</strong></span> <span class='ocrx_word' id='word_1_290' title='bbox 1257 2986 1292 3036; x_wconf 88' lang='lat' dir='ltr'><strong>ad</strong></span> <span class='ocrx_word' id='word_1_291' title='bbox 1312 2986 1348 3035; x_wconf 85' lang='lat'><strong>30</strong></span> 
     </span>
     <span class='ocr_line' id='line_1_34' title="bbox 227 3050 1199 3122; baseline 0.005 -19"><span class='ocrx_word' id='word_1_292' title='bbox 227 3054 301 3104; x_wconf 88' lang='lat' dir='ltr'><strong>milia</strong></span> <span class='ocrx_word' id='word_1_293' title='bbox 321 3055 488 3122; x_wconf 87' lang='lat' dir='ltr'><strong>etamplius,</strong></span> <span class='ocrx_word' id='word_1_294' title='bbox 510 3073 576 3122; x_wconf 91' lang='lat' dir='ltr'><strong>quos</strong></span> <span class='ocrx_word' id='word_1_295' title='bbox 596 3058 653 3108; x_wconf 88' lang='lat' dir='ltr'><strong>siue</strong></span> <span class='ocrx_word' id='word_1_296' title='bbox 672 3050 759 3107; x_wconf 78' lang='lat' dir='ltr'><strong>ferrol</strong></span> <span class='ocrx_word' id='word_1_297' title='bbox 779 3063 805 3106; x_wconf 88' lang='lat' dir='ltr'><strong>et</strong></span> <span class='ocrx_word' id='word_1_298' title='bbox 823 3058 886 3121; x_wconf 89' lang='lat' dir='ltr'><strong>igne</strong></span> <span class='ocrx_word' id='word_1_299' title='bbox 906 3058 1037 3107; x_wconf 91' lang='lat' dir='ltr'><strong>Dominus</strong></span> <span class='ocrx_word' id='word_1_300' title='bbox 1057 3059 1199 3122; x_wconf 87' lang='lat' dir='ltr'><strong>percussit.</strong></span> 
     </span>
    </p>
   </div>
   <div class='ocr_carea' id='block_1_9' title="bbox 227 3198 1350 3370">
    <p class='ocr_par' dir='ltr' id='par_1_9' title="bbox 227 3198 1350 3370">
     <span class='ocr_line' id='line_1_35' title="bbox 227 3198 1350 3254; baseline 0.005 -15"><span class='ocrx_word' id='word_1_301' title='bbox 227 3198 250 3250; x_wconf 82' lang='lat' dir='ltr'><strong>a)</strong></span> <span class='ocrx_word' id='word_1_302' title='bbox 275 3204 297 3239; x_wconf 89' lang='lat' dir='ltr'><strong>et</strong></span> <span class='ocrx_word' id='word_1_303' title='bbox 313 3201 352 3249; x_wconf 91' lang='lat' dir='ltr'><strong>qul</strong></span> <span class='ocrx_word' id='word_1_304' title='bbox 370 3200 392 3241; x_wconf 90' lang='lat' dir='ltr'><strong>b.</strong></span> <span class='ocrx_word' id='word_1_305' title='bbox 408 3212 431 3250; x_wconf 87' lang='lat' dir='ltr'><strong>p.</strong></span> <span class='ocrx_word' id='word_1_306' title='bbox 450 3205 465 3242; x_wconf 85' lang='lat' dir='ltr'><strong>t.</strong></span> <span class='ocrx_word' id='word_1_307' title='bbox 487 3202 613 3241; x_wconf 85' lang='lat' dir='ltr'><strong>Ierusalem</strong></span> <span class='ocrx_word' id='word_1_308' title='bbox 630 3203 673 3241; x_wconf 79' lang='lat' dir='ltr'><strong>des.</strong></span> <span class='ocrx_word' id='word_1_309' title='bbox 690 3204 733 3243; x_wconf 70' lang='grc' dir='ltr'><strong>Οἳ.</strong></span> <span class='ocrx_word' id='word_1_310' title='bbox 822 3200 846 3253; x_wconf 89' lang='lat' dir='ltr'><strong>b)</strong></span> <span class='ocrx_word' id='word_1_311' title='bbox 863 3199 893 3241; x_wconf 68' lang='lat' dir='ltr'><strong>Tio</strong></span> <span class='ocrx_word' id='word_1_312' title='bbox 909 3214 977 3252; x_wconf 64' lang='lat' dir='ltr'><strong>mars.</strong></span> <span class='ocrx_word' id='word_1_313' title='bbox 994 3203 1063 3251; x_wconf 79' lang='lat' dir='ltr'><strong>suppt</strong></span> <span class='ocrx_word' id='word_1_314' title='bbox 1079 3202 1125 3242; x_wconf 79' lang='lat'><strong>131.</strong></span> <span class='ocrx_word' id='word_1_315' title='bbox 1219 3202 1240 3254; x_wconf 93' lang='lat' dir='ltr'><strong>c)</strong></span> <span class='ocrx_word' id='word_1_316' title='bbox 1265 3214 1350 3254; x_wconf 74' lang='lat' dir='ltr'><strong>magna</strong></span> 
     </span>
     <span class='ocr_line' id='line_1_36' title="bbox 227 3259 1350 3313; baseline 0.005 -15"><span class='ocrx_word' id='word_1_317' title='bbox 227 3259 375 3298; x_wconf 80' lang='lat' dir='ltr'><strong>multitudine</strong></span> <span class='ocrx_word' id='word_1_318' title='bbox 391 3260 436 3298; x_wconf 87' lang='lat' dir='ltr'><strong>Bl.</strong></span> <span class='ocrx_word' id='word_1_319' title='bbox 446 3259 481 3300; x_wconf 78' lang='grc'><strong>02</strong></span> <span class='ocrx_word' id='word_1_320' title='bbox 498 3259 530 3309; x_wconf 82' lang='lat' dir='ltr'><strong>(at</strong></span> <span class='ocrx_word' id='word_1_321' title='bbox 538 3262 584 3301; x_wconf 83' lang='lat' dir='ltr'><strong>cod.</strong></span> <span class='ocrx_word' id='word_1_322' title='bbox 594 3261 646 3300; x_wconf 75' lang='lat' dir='ltr'><strong>otto.</strong></span> <span class='ocrx_word' id='word_1_323' title='bbox 660 3263 734 3310; x_wconf 80' lang='lat' dir='ltr'><strong>primo</strong></span> <span class='ocrx_word' id='word_1_324' title='bbox 748 3262 838 3312; x_wconf 80' lang='lat' dir='ltr'><strong>monu);</strong></span> <span class='ocrx_word' id='word_1_325' title='bbox 854 3264 956 3301; x_wconf 85' lang='lat' dir='ltr'><strong>maxima</strong></span> <span class='ocrx_word' id='word_1_326' title='bbox 972 3261 1120 3301; x_wconf 78' lang='lat' dir='ltr'><strong>multitudine</strong></span> <span class='ocrx_word' id='word_1_327' title='bbox 1130 3261 1174 3301; x_wconf 79' lang='lat'><strong>01.</strong></span> <span class='ocrx_word' id='word_1_328' title='bbox 1207 3261 1230 3313; x_wconf 87' lang='lat' dir='ltr'><strong>d)</strong></span> <span class='ocrx_word' id='word_1_329' title='bbox 1241 3264 1298 3303; x_wconf 76' lang='lat' dir='ltr'><strong>deest</strong></span> <span class='ocrx_word' id='word_1_330' title='bbox 1307 3265 1350 3304; x_wconf 71' lang='grc' dir='ltr'><strong>ΟΞ.</strong></span> 
     </span>
     <span class='ocr_line' id='line_1_37' title="bbox 228 3316 1194 3370; baseline 0.005 -13"><span class='ocrx_word' id='word_1_331' title='bbox 228 3316 250 3368; x_wconf 89' lang='lat' dir='ltr'><strong>e)</strong></span> <span class='ocrx_word' id='word_1_332' title='bbox 266 3323 341 3358; x_wconf 85' lang='lat' dir='ltr'><strong>vestes</strong></span> <span class='ocrx_word' id='word_1_333' title='bbox 359 3339 384 3348; x_wconf 90' lang='lat'>-</span> <span class='ocrx_word' id='word_1_334' title='bbox 401 3320 557 3369; x_wconf 85' lang='lat' dir='ltr'><strong>suppellectili</strong></span> <span class='ocrx_word' id='word_1_335' title='bbox 572 3321 614 3362; x_wconf 79' lang='lat' dir='ltr'><strong>dae.</strong></span> <span class='ocrx_word' id='word_1_336' title='bbox 631 3320 675 3362; x_wconf 75' lang='lat' dir='ltr'><strong>Get.</strong></span> <span class='ocrx_word' id='word_1_337' title='bbox 734 3317 753 3370; x_wconf 80' lang='lat' dir='ltr'><strong>f)</strong></span> <span class='ocrx_word' id='word_1_338' title='bbox 767 3325 817 3370; x_wconf 79' lang='lat' dir='ltr'><strong>poet</strong></span> <span class='ocrx_word' id='word_1_339' title='bbox 833 3321 882 3361; x_wconf 82' lang='lat' dir='ltr'><strong>add.</strong></span> <span class='ocrx_word' id='word_1_340' title='bbox 900 3321 919 3359; x_wconf 87' lang='lat' dir='ltr'><em>B</em></span> <span class='ocrx_word' id='word_1_341' title='bbox 930 3325 948 3361; x_wconf 81' lang='lat' dir='ltr'><strong>l.</strong></span> <span class='ocrx_word' id='word_1_342' title='bbox 967 3343 993 3350; x_wconf 95' lang='lat'>-</span> <span class='ocrx_word' id='word_1_343' title='bbox 1009 3325 1032 3360; x_wconf 88' lang='lat' dir='ltr'><strong>st</strong></span> <span class='ocrx_word' id='word_1_344' title='bbox 1047 3320 1102 3358; x_wconf 75' lang='lat' dir='ltr'><strong>deest</strong></span> <span class='ocrx_word' id='word_1_345' title='bbox 1119 3319 1160 3362; x_wconf 85' lang='lat'><strong>01.</strong></span> <span class='ocrx_word' id='word_1_346' title='bbox 1172 3322 1194 3363; x_wconf 80' lang='lat'><strong>2.</strong></span> 
     </span>
    </p>
   </div>
   <div class='ocr_carea' id='block_1_10' title="bbox 230 3449 1093 3517">
    <p class='ocr_par' dir='ltr' id='par_1_10' title="bbox 230 3449 1093 3517">
     <span class='ocr_line' id='line_1_38' title="bbox 230 3449 1093 3517; baseline 0.008 -21"><span class='ocrx_word' id='word_1_347' title='bbox 230 3451 256 3512; x_wconf 88' lang='lat'><strong>1)</strong></span> <span class='ocrx_word' id='word_1_348' title='bbox 275 3450 352 3501; x_wconf 82' lang='lat' dir='ltr'><strong>Haeo</strong></span> <span class='ocrx_word' id='word_1_349' title='bbox 369 3467 454 3516; x_wconf 82' lang='lat' dir='ltr'><strong>aeque</strong></span> <span class='ocrx_word' id='word_1_350' title='bbox 474 3449 501 3502; x_wconf 80' lang='lat' dir='ltr'><strong>iu</strong></span> <span class='ocrx_word' id='word_1_351' title='bbox 521 3452 608 3503; x_wconf 83' lang='lat' dir='ltr'><strong>codice</strong></span> <span class='ocrx_word' id='word_1_352' title='bbox 626 3467 710 3517; x_wconf 80' lang='lat' dir='ltr'><strong>neque</strong></span> <span class='ocrx_word' id='word_1_353' title='bbox 730 3451 805 3517; x_wconf 82' lang='lat' dir='ltr'><strong>apud</strong></span> <span class='ocrx_word' id='word_1_354' title='bbox 824 3451 976 3504; x_wconf 73' lang='lat' dir='ltr'><strong>Escae-dam</strong></span> <span class='ocrx_word' id='word_1_355' title='bbox 994 3450 1093 3503; x_wconf 78' lang='lat' dir='ltr'><strong>inueni.</strong></span> 
     </span>
    </p>
   </div>
   <div class='ocr_carea' id='block_1_11' title="bbox 0 0 1414 4838">
    <p class='ocr_par' dir='ltr' id='par_1_11' title="bbox 0 0 1414 4838">
     <span class='ocr_line' id='line_1_39' title="bbox 0 0 1414 4838; baseline 0 1"><span class='ocrx_word' id='word_1_356' title='bbox 0 0 1414 4838; x_wconf 95' lang='lat' dir='ltr'><strong> </strong></span> 
     </span>
    </p>
   </div>
  </div>
 </body>
</html>
